Time (ms),Type,Order ID,Size,Price,Direction,,Ask Price 1,Ask Size 1,Bid Price 1,Bid Size 1,,Price (plot),Ask Price 1 (plot),Ask Size 1 (plot),Bid Price 1 (plot),Bid Size 1 (plot)
34200.01746,5,0,1,2238200,-1,,2239500,100,2231800.00,100,,223.82,223.95,100,223.18,100
34200.18961,1,11885113,21,2238100,1,,2239500,100,2238100.00,21,,223.81,223.95,100,223.81,21
34200.19023,4,11885113,21,2238100,1,,2239500,100,2237500.00,100,,223.81,223.95,100,223.75,100
34200.19023,4,11534792,26,2237500,1,,2239500,100,2237500.00,74,,223.75,223.95,100,223.75,74
34200.37278,5,0,100,2238400,-1,,2239500,100,2237500.00,74,,223.84,223.95,100,223.75,74
34200.37567,5,0,100,2238400,-1,,2239500,100,2237500.00,74,,223.84,223.95,100,223.75,74
34200.38397,5,0,100,2238600,-1,,2239500,100,2237500.00,74,,223.86,223.95,100,223.75,74
34200.38582,5,0,100,2238600,-1,,2239500,100,2237500.00,74,,223.86,223.95,100,223.75,74
34200.38721,5,0,100,2239200,-1,,2239500,100,2237500.00,74,,223.92,223.95,100,223.75,74
34200.38846,5,0,100,2239300,-1,,2239500,100,2237500.00,74,,223.93,223.95,100,223.75,74
34200.39141,4,14585251,100,2239500,-1,,2239500,306,2237500.00,74,,223.95,223.95,306,223.75,74
34200.39141,4,3911376,20,2239600,-1,,2239500,286,2237500.00,74,,223.96,223.95,286,223.75,74
34200.39141,4,16202496,286,2239600,-1,,2239500,100,2237500.00,74,,223.96,223.95,100,223.75,74
34200.39348,4,2135294,100,2239900,-1,,2239500,1451,2237500.00,74,,223.99,223.95,1451,223.75,74
34200.39441,1,16207239,100,2239900,-1,,2239500,100,2237500.00,74,,223.99,223.95,100,223.75,74
34200.39846,5,0,100,2239700,-1,,2239500,100,2237500.00,74,,223.97,223.95,100,223.75,74
34200.3986,5,0,100,2239700,-1,,2239500,100,2237500.00,74,,223.97,223.95,100,223.75,74
34200.40033,5,0,100,2239700,-1,,2239500,100,2237500.00,74,,223.97,223.95,100,223.75,74
34200.40153,5,0,10,2239700,-1,,2239500,100,2237500.00,74,,223.97,223.95,100,223.75,74
34200.40153,4,16207239,90,2239900,-1,,2239500,10,2237500.00,74,,223.99,223.95,10,223.75,74
34200.40192,1,16208720,50,2239900,-1,,2239500,60,2237500.00,74,,223.99,223.95,60,223.75,74
34200.40301,4,16207239,10,2239900,-1,,2239500,50,2237500.00,74,,223.99,223.95,50,223.75,74
34200.40301,4,16208720,50,2239900,-1,,2239500,1451,2237500.00,74,,223.99,223.95,1451,223.75,74
34200.40301,4,1365373,13,2240000,-1,,2239500,1438,2237500.00,74,,224,223.95,1438,223.75,74
34200.40301,4,1847685,27,2240000,-1,,2239500,1411,2237500.00,74,,224,223.95,1411,223.75,74
34200.40788,4,1847685,73,2240000,-1,,2239500,1338,2237500.00,74,,224,223.95,1338,223.75,74
34200.40788,4,2051705,20,2240000,-1,,2239500,1318,2237500.00,74,,224,223.95,1318,223.75,74
34200.40788,4,3578212,4,2240000,-1,,2239500,1314,2237500.00,74,,224,223.95,1314,223.75,74
34200.40788,4,3581197,3,2240000,-1,,2239500,1311,2237500.00,74,,224,223.95,1311,223.75,74
34200.41105,4,3581197,7,2240000,-1,,2239500,1304,2237500.00,74,,224,223.95,1304,223.75,74
34200.41105,4,3591155,50,2240000,-1,,2239500,1254,2237500.00,74,,224,223.95,1254,223.75,74
34200.41105,4,3689544,43,2240000,-1,,2239500,1211,2237500.00,74,,224,223.95,1211,223.75,74
34200.41206,4,3689544,57,2240000,-1,,2239500,1154,2237500.00,74,,224,223.95,1154,223.75,74
34200.41206,4,3920363,6,2240000,-1,,2239500,1148,2237500.00,74,,224,223.95,1148,223.75,74
34200.41206,4,3920364,23,2240000,-1,,2239500,1125,2237500.00,74,,224,223.95,1125,223.75,74
34200.41206,4,3920367,6,2240000,-1,,2239500,1119,2237500.00,74,,224,223.95,1119,223.75,74
34200.41206,4,3920371,54,2240000,-1,,2239500,1065,2237500.00,74,,224,223.95,1065,223.75,74
34200.41206,4,3920373,54,2240000,-1,,2239500,1011,2237500.00,74,,224,223.95,1011,223.75,74
34200.4172,4,3920374,15,2240000,-1,,2239500,996,2237500.00,74,,224,223.95,996,223.75,74
34200.4172,4,4631442,76,2240000,-1,,2239500,920,2237500.00,74,,224,223.95,920,223.75,74
34200.4172,4,4631569,20,2240000,-1,,2239500,900,2237500.00,74,,224,223.95,900,223.75,74
34200.4172,4,4632895,15,2240000,-1,,2239500,885,2237500.00,74,,224,223.95,885,223.75,74
34200.4172,4,4632989,10,2240000,-1,,2239500,875,2237500.00,74,,224,223.95,875,223.75,74
34200.4172,4,10054324,25,2240000,-1,,2239500,850,2237500.00,74,,224,223.95,850,223.75,74
34200.4172,4,11349573,100,2240000,-1,,2239500,750,2237500.00,74,,224,223.95,750,223.75,74
34200.4172,4,11830089,50,2240000,-1,,2239500,700,2237500.00,74,,224,223.95,700,223.75,74
34200.4172,4,12490851,183,2240000,-1,,2239500,517,2237500.00,74,,224,223.95,517,223.75,74
34200.41981,4,12490851,100,2240000,-1,,2239500,417,2237500.00,74,,224,223.95,417,223.75,74
34200.53842,4,12490851,200,2240000,-1,,2239500,217,2237500.00,74,,224,223.95,217,223.75,74
34200.55374,5,0,100,2239700,1,,2239500,217,2237500.00,74,,223.97,223.95,217,223.75,74
34200.56794,4,12490851,17,2240000,-1,,2239500,200,2237500.00,74,,224,223.95,200,223.75,74
34200.56794,4,13561719,100,2240000,-1,,2239500,100,2237500.00,74,,224,223.95,100,223.75,74
34200.56794,4,14482478,100,2240000,-1,,2239500,20,2237500.00,74,,224,223.95,20,223.75,74
34200.56794,5,0,69,2240000,-1,,2239500,20,2237500.00,74,,224,223.95,20,223.75,74
34200.56824,1,16240373,100,2240000,-1,,2239500,100,2237500.00,74,,224,223.95,100,223.75,74
34200.57041,4,16240373,100,2240000,-1,,2239500,20,2237500.00,74,,224,223.95,20,223.75,74
34200.57041,5,0,190,2240000,-1,,2239500,20,2237500.00,74,,224,223.95,20,223.75,74
34200.57041,5,0,10,2240000,-1,,2239500,20,2237500.00,74,,224,223.95,20,223.75,74
34200.57071,1,16240856,100,2240000,-1,,2239500,100,2237500.00,74,,224,223.95,100,223.75,74
34200.57403,4,16240856,100,2240000,-1,,2239500,20,2237500.00,74,,224,223.95,20,223.75,74
34200.5744,1,16241642,100,2240000,-1,,2239500,100,2237500.00,74,,224,223.95,100,223.75,74
34200.63135,1,16252480,100,2239500,-1,,2239500,100,2237500.00,74,,223.95,223.95,100,223.75,74
34200.77153,4,16252480,100,2239500,-1,,2239500,100,2237500.00,74,,223.95,223.95,100,223.75,74
34200.77191,1,16275687,75,2239500,-1,,2239500,75,2237500.00,74,,223.95,223.95,75,223.75,74
34200.87379,1,16289323,100,2238400,1,,2239500,75,2238400.00,100,,223.84,223.95,75,223.84,100
34200.87491,4,16289323,100,2238400,1,,2239500,75,2237500.00,74,,223.84,223.95,75,223.75,74
34200.88178,1,16290483,100,2238400,1,,2239500,75,2238400.00,100,,223.84,223.95,75,223.84,100
34200.8915,4,16275687,15,2239500,-1,,2239500,60,2238400.00,100,,223.95,223.95,60,223.84,100
34201.29095,1,16352638,100,2238600,-1,,2239500,100,2238400.00,100,,223.86,223.95,100,223.84,100
34201.29141,4,16352638,100,2238600,-1,,2239500,60,2238400.00,100,,223.86,223.95,60,223.84,100
34201.37144,4,16275687,60,2239500,-1,,2239500,100,2238400.00,100,,223.95,223.95,100,223.84,100
34201.39534,4,16241642,100,2240000,-1,,2239500,20,2238400.00,100,,224,223.95,20,223.84,100
34201.39534,5,0,90,2240000,-1,,2239500,20,2238400.00,100,,224,223.95,20,223.84,100
34202.01207,5,0,100,2238800,1,,2239500,20,2238400.00,100,,223.88,223.95,20,223.84,100
34202.01278,5,0,100,2238800,1,,2239500,20,2238400.00,100,,223.88,223.95,20,223.84,100
34202.02828,5,0,100,2238800,1,,2239500,20,2238400.00,100,,223.88,223.95,20,223.84,100
34202.27905,3,16290483,100,2238400,1,,2239500,20,2237900.00,100,,223.84,223.95,20,223.79,100
34202.27905,1,16451737,100,2238900,1,,2239500,20,2238900.00,100,,223.89,223.95,20,223.89,100
34203.87899,1,16610191,100,2242000,-1,,2239500,100,2238900.00,100,,224.2,223.95,100,223.89,100
34204.25605,5,0,100,2239200,1,,2239500,100,2238900.00,100,,223.92,223.95,100,223.89,100
34204.35493,3,16610191,100,2242000,-1,,2239500,20,2238900.00,100,,224.2,223.95,20,223.89,100
34204.35493,1,16657800,100,2241600,-1,,2239500,100,2238900.00,100,,224.16,223.95,100,223.89,100
34204.41447,5,0,80,2239100,1,,2239500,100,2238900.00,100,,223.91,223.95,100,223.89,100
34204.4767,3,16657800,100,2241600,-1,,2239500,20,2238900.00,100,,224.16,223.95,20,223.89,100
34204.4767,1,16667397,100,2241300,-1,,2239500,100,2238900.00,100,,224.13,223.95,100,223.89,100
34204.57276,5,0,40,2239100,1,,2239500,100,2238900.00,100,,223.91,223.95,100,223.89,100
34204.65231,1,16681306,1100,2241000,-1,,2239500,1100,2238900.00,100,,224.1,223.95,1100,223.89,100
34204.76392,1,16692138,100,2241000,-1,,2239500,1200,2238900.00,100,,224.1,223.95,1200,223.89,100
34205.10426,3,16692138,100,2241000,-1,,2239500,1100,2238900.00,100,,224.1,223.95,1100,223.89,100
34205.10426,1,16723342,100,2240800,-1,,2239500,100,2238900.00,100,,224.08,223.95,100,223.89,100
34205.10482,1,16723399,220,2240800,-1,,2239500,320,2238900.00,100,,224.08,223.95,320,223.89,100
34205.10583,3,16723399,220,2240800,-1,,2239500,100,2238900.00,100,,224.08,223.95,100,223.89,100
34205.1071,1,16723613,220,2240800,-1,,2239500,320,2238900.00,100,,224.08,223.95,320,223.89,100
34205.1081,3,16723613,220,2240800,-1,,2239500,100,2238900.00,100,,224.08,223.95,100,223.89,100
34205.1094,1,16723877,220,2240800,-1,,2239500,320,2238900.00,100,,224.08,223.95,320,223.89,100
34205.10975,1,16723916,155,2240800,-1,,2239500,475,2238900.00,100,,224.08,223.95,475,223.89,100
34205.11047,3,16723877,220,2240800,-1,,2239500,255,2238900.00,100,,224.08,223.95,255,223.89,100
34205.1621,1,16728917,100,2240700,-1,,2239500,100,2238900.00,100,,224.07,223.95,100,223.89,100
34205.19778,1,16732821,100,2238900,1,,2239500,100,2238900.00,200,,223.89,223.95,100,223.89,200
34205.3043,5,0,35,2239000,1,,2239500,100,2238900.00,200,,223.9,223.95,100,223.89,200
34205.51395,1,16763343,100,2240500,-1,,2239500,100,2238900.00,200,,224.05,223.95,100,223.89,200
34205.62166,5,0,37,2239000,1,,2239500,100,2238900.00,200,,223.9,223.95,100,223.89,200
34205.62175,5,0,128,2239000,1,,2239500,100,2238900.00,200,,223.9,223.95,100,223.89,200
34205.62175,5,0,72,2239000,1,,2239500,100,2238900.00,200,,223.9,223.95,100,223.89,200
34205.88822,3,16763343,100,2240500,-1,,2239500,100,2238900.00,200,,224.05,223.95,100,223.89,200
34205.88822,1,16797917,100,2240300,-1,,2239500,100,2238900.00,200,,224.03,223.95,100,223.89,200
34205.91945,1,16799433,100,2240200,-1,,2239500,100,2238900.00,200,,224.02,223.95,100,223.89,200
34206.15154,1,16811014,100,2240200,-1,,2239500,200,2238900.00,200,,224.02,223.95,200,223.89,200
34206.55539,1,16830499,100,2238900,1,,2239500,200,2238900.00,300,,223.89,223.95,200,223.89,300
34207.02466,5,0,10,2239300,1,,2239500,200,2238900.00,300,,223.93,223.95,200,223.89,300
34207.02466,5,0,28,2239000,1,,2239500,200,2238900.00,300,,223.9,223.95,200,223.89,300
34207.02466,5,0,26,2239000,1,,2239500,200,2238900.00,300,,223.9,223.95,200,223.89,300
34207.23254,3,16732821,100,2238900,1,,2239500,200,2238900.00,200,,223.89,223.95,200,223.89,200
34207.23265,5,0,74,2239000,1,,2239500,200,2238900.00,200,,223.9,223.95,200,223.89,200
34207.23265,5,0,113,2239000,1,,2239500,200,2238900.00,200,,223.9,223.95,200,223.89,200
34207.23265,4,16451737,13,2238900,1,,2239500,200,2238900.00,187,,223.89,223.95,200,223.89,187
34207.27207,3,16451737,87,2238900,1,,2239500,200,2238900.00,100,,223.89,223.95,200,223.89,100
34207.27207,1,16866136,87,2239000,1,,2239500,200,2239000.00,87,,223.9,223.95,200,223.9,87
34207.31216,3,16866136,87,2239000,1,,2239500,200,2238900.00,100,,223.9,223.95,200,223.89,100
34207.31216,1,16867608,87,2239100,1,,2239500,200,2239100.00,87,,223.91,223.95,200,223.91,87
34207.3195,4,16799433,71,2240200,-1,,2239500,129,2239100.00,87,,224.02,223.95,129,223.91,87
34207.35959,4,16799433,29,2240200,-1,,2239500,100,2239100.00,87,,224.02,223.95,100,223.91,87
34207.35959,4,16811014,71,2240200,-1,,2239500,29,2239100.00,87,,224.02,223.95,29,223.91,87
34207.40968,3,16867608,87,2239100,1,,2239500,29,2238900.00,100,,223.91,223.95,29,223.89,100
34207.40968,1,16873976,87,2239200,1,,2239500,29,2239200.00,87,,223.92,223.95,29,223.92,87
34207.71831,3,16811014,29,2240200,-1,,2239500,100,2239200.00,87,,224.02,223.95,100,223.92,87
34207.71831,1,16887475,29,2240700,-1,,2239500,129,2239200.00,87,,224.07,223.95,129,223.92,87
34208.99603,1,16929385,77,2239200,1,,2239500,129,2239200.00,164,,223.92,223.95,129,223.92,164
34209.33946,1,16943725,100,2239200,1,,2239500,129,2239200.00,264,,223.92,223.95,129,223.92,264
34209.70973,3,16887475,29,2240700,-1,,2239500,100,2239200.00,264,,224.07,223.95,100,223.92,264
34209.70973,1,16954459,29,2240600,-1,,2239500,29,2239200.00,264,,224.06,223.95,29,223.92,264
34209.76668,3,16954459,29,2240600,-1,,2239500,100,2239200.00,264,,224.06,223.95,100,223.92,264
34209.76668,1,16956634,29,2240700,-1,,2239500,129,2239200.00,264,,224.07,223.95,129,223.92,264
34209.78733,3,16956634,29,2240700,-1,,2239500,100,2239200.00,264,,224.07,223.95,100,223.92,264
34209.78733,1,16958151,29,2240500,-1,,2239500,29,2239200.00,264,,224.05,223.95,29,223.92,264
34210.20649,1,16984035,100,2239200,1,,2239500,29,2239200.00,364,,223.92,223.95,29,223.92,364
34210.51521,3,16958151,29,2240500,-1,,2239500,100,2239200.00,364,,224.05,223.95,100,223.92,364
34210.51521,1,17004982,29,2240400,-1,,2239500,29,2239200.00,364,,224.04,223.95,29,223.92,364
34210.70647,3,17004982,29,2240400,-1,,2239500,100,2239200.00,364,,224.04,223.95,100,223.92,364
34210.70647,1,17017091,29,2240300,-1,,2239500,29,2239200.00,364,,224.03,223.95,29,223.92,364
34210.91042,3,17017091,29,2240300,-1,,2239500,100,2239200.00,364,,224.03,223.95,100,223.92,364
34210.91042,1,17030256,29,2240400,-1,,2239500,29,2239200.00,364,,224.04,223.95,29,223.92,364
34210.96698,4,17030256,29,2240400,-1,,2239500,100,2239200.00,364,,224.04,223.95,100,223.92,364
34210.96698,5,0,71,2240400,-1,,2239500,100,2239200.00,364,,224.04,223.95,100,223.92,364
34211.61861,1,17063006,400,2240700,-1,,2239500,500,2239200.00,364,,224.07,223.95,500,223.92,364
34211.94311,4,16728917,100,2240700,-1,,2239500,400,2239200.00,364,,224.07,223.95,400,223.92,364
34211.94311,4,17063006,300,2240700,-1,,2239500,100,2239200.00,364,,224.07,223.95,100,223.92,364
34211.96704,4,17063006,100,2240700,-1,,2239500,1100,2239200.00,364,,224.07,223.95,1100,223.92,364
34211.96797,4,16681306,100,2241000,-1,,2239500,1000,2239200.00,364,,224.1,223.95,1000,223.92,364
34211.97017,4,16681306,100,2241000,-1,,2239500,900,2239200.00,364,,224.1,223.95,900,223.92,364
34212.16169,1,17084297,100,2239300,1,,2239500,900,2239300.00,100,,223.93,223.95,900,223.93,100
34212.1651,3,16681306,900,2241000,-1,,2239500,20,2239300.00,100,,224.1,223.95,20,223.93,100
34212.16532,5,0,317,2239500,1,,2239500,20,2239300.00,100,,223.95,223.95,20,223.93,100
34212.16532,5,0,100,2239400,1,,2239500,20,2239300.00,100,,223.94,223.95,20,223.93,100
34212.16532,4,17084297,100,2239300,1,,2239500,20,2239200.00,364,,223.93,223.95,20,223.92,364
34212.16532,5,0,112,2239300,1,,2239500,20,2239200.00,364,,223.93,223.95,20,223.92,364
34212.16532,5,0,203,2239300,1,,2239500,20,2239200.00,364,,223.93,223.95,20,223.92,364
34212.37438,1,17094470,100,2240900,1,,2239500,20,2240900.00,100,,224.09,223.95,20,224.09,100
34212.37604,1,17094575,100,2240900,1,,2239500,20,2240900.00,200,,224.09,223.95,20,224.09,200
34212.37613,3,17094470,100,2240900,1,,2239500,20,2240900.00,100,,224.09,223.95,20,224.09,100
34212.37613,1,17094576,100,2241300,1,,2239500,20,2241300.00,100,,224.13,223.95,20,224.13,100
34212.37645,4,17094576,100,2241300,1,,2239500,20,2240900.00,100,,224.13,223.95,20,224.09,100
34212.37748,3,17094575,100,2240900,1,,2239500,20,2239200.00,364,,224.09,223.95,20,223.92,364
34212.46171,3,16943725,100,2239200,1,,2239500,20,2239200.00,264,,223.92,223.95,20,223.92,264
34212.48796,1,17097634,100,2240900,1,,2239500,20,2240900.00,100,,224.09,223.95,20,224.09,100
34212.53005,1,17099230,87,2240900,1,,2239500,20,2240900.00,187,,224.09,223.95,20,224.09,187
34212.5771,3,17097634,100,2240900,1,,2239500,20,2240900.00,87,,224.09,223.95,20,224.09,87
34212.67796,3,17099230,87,2240900,1,,2239500,20,2239200.00,177,,224.09,223.95,20,223.92,177
34212.67796,1,17103292,87,2239300,1,,2239500,20,2239300.00,87,,223.93,223.95,20,223.93,87
34213.1868,1,17118179,100,2240900,1,,2239500,20,2240900.00,100,,224.09,223.95,20,224.09,100
34213.22785,1,17119109,87,2240900,1,,2239500,20,2240900.00,187,,224.09,223.95,20,224.09,187
34213.32426,1,17121862,100,2240900,1,,2239500,20,2240900.00,287,,224.09,223.95,20,224.09,287
34215.15212,1,17169116,100,2240900,1,,2239500,20,2240900.00,387,,224.09,223.95,20,224.09,387
34215.18045,1,17170140,100,2240900,1,,2239500,20,2240900.00,487,,224.09,223.95,20,224.09,487
34215.77822,4,11561639,20,2242400,-1,,2239500,100,2240900.00,487,,224.24,223.95,100,224.09,487
34215.77822,4,14665565,80,2242500,-1,,2239500,20,2240900.00,487,,224.25,223.95,20,224.09,487
34217.85283,4,14665565,20,2242500,-1,,2239500,500,2240900.00,487,,224.25,223.95,500,224.09,487
34217.88766,5,0,220,2242700,-1,,2239500,500,2240900.00,487,,224.27,223.95,500,224.09,487
34219.12771,4,17209080,10,2242900,-1,,2239500,490,2240900.00,487,,224.29,223.95,490,224.09,487
34219.37665,4,17209080,200,2242900,-1,,2239500,290,2240900.00,487,,224.29,223.95,290,224.09,487
34219.51685,4,17209080,200,2242900,-1,,2239500,90,2240900.00,487,,224.29,223.95,90,224.09,487
34219.5171,1,17329820,100,2242900,-1,,2239500,190,2240900.00,487,,224.29,223.95,190,224.09,487
34219.52994,5,0,80,2242800,-1,,2239500,190,2240900.00,487,,224.28,223.95,190,224.09,487
34220.23316,1,17358208,77,2240900,1,,2239500,190,2240900.00,564,,224.09,223.95,190,224.09,564
34220.30313,3,17329820,100,2242900,-1,,2239500,90,2240900.00,564,,224.29,223.95,90,224.09,564
34220.30313,3,17209080,90,2242900,-1,,2239500,500,2240900.00,564,,224.29,223.95,500,224.09,564
34220.32146,3,17121862,100,2240900,1,,2239500,500,2240900.00,464,,224.09,223.95,500,224.09,464
34220.53411,1,17365824,1,2243000,-1,,2239500,501,2240900.00,464,,224.3,223.95,501,224.09,464
34221.5968,4,3579342,100,2243000,-1,,2239500,401,2240900.00,464,,224.3,223.95,401,224.09,464
34222.16529,4,3579342,100,2243000,-1,,2239500,301,2240900.00,464,,224.3,223.95,301,224.09,464
34223.27963,4,3579342,100,2243000,-1,,2239500,201,2240900.00,464,,224.3,223.95,201,224.09,464
34223.28024,4,3579342,80,2243000,-1,,2239500,121,2240900.00,464,,224.3,223.95,121,224.09,464
34223.28054,4,3579342,100,2243000,-1,,2239500,21,2240900.00,464,,224.3,223.95,21,224.09,464
34223.28064,4,3579342,20,2243000,-1,,2239500,1,2240900.00,464,,224.3,223.95,1,224.09,464
34223.28064,4,17365824,1,2243000,-1,,2239500,100,2240900.00,464,,224.3,223.95,100,224.09,464
34223.36746,4,16451084,100,2244500,-1,,2239500,100,2240900.00,464,,224.45,223.95,100,224.09,464
34223.36771,1,17454308,100,2244500,-1,,2239500,100,2240900.00,464,,224.45,223.95,100,224.09,464
34226.01871,1,17523948,100,2244500,-1,,2239500,200,2240900.00,464,,224.45,223.95,200,224.09,464
34226.0254,1,17524292,100,2240900,1,,2239500,200,2240900.00,564,,224.09,223.95,200,224.09,564
34226.02753,3,17524292,100,2240900,1,,2239500,200,2240900.00,464,,224.09,223.95,200,224.09,464
34227.23865,1,17556978,100,2244500,-1,,2239500,300,2240900.00,464,,224.45,223.95,300,224.09,464
34228.0066,3,17523948,100,2244500,-1,,2239500,200,2240900.00,464,,224.45,223.95,200,224.09,464
34228.06836,5,0,93,2244400,-1,,2239500,200,2240900.00,464,,224.44,223.95,200,224.09,464
34228.39788,5,0,25,2244400,-1,,2239500,200,2240900.00,464,,224.44,223.95,200,224.09,464
34228.60901,3,17556978,100,2244500,-1,,2239500,100,2240900.00,464,,224.45,223.95,100,224.09,464
34228.61104,1,17654389,100,2244500,-1,,2239500,200,2240900.00,464,,224.45,223.95,200,224.09,464
34228.61156,3,17118179,100,2240900,1,,2239500,200,2240900.00,364,,224.09,223.95,200,224.09,364
34228.61314,1,17654460,100,2240900,1,,2239500,200,2240900.00,464,,224.09,223.95,200,224.09,464
34228.61402,3,17654460,100,2240900,1,,2239500,200,2240900.00,364,,224.09,223.95,200,224.09,364
34229.06498,1,17669020,100,2240900,1,,2239500,200,2240900.00,464,,224.09,223.95,200,224.09,464
34229.06721,3,17669020,100,2240900,1,,2239500,200,2240900.00,364,,224.09,223.95,200,224.09,364
34229.32431,3,17358208,77,2240900,1,,2239500,200,2240900.00,287,,224.09,223.95,200,224.09,287
34229.34364,1,17678897,77,2241000,1,,2239500,200,2241000.00,77,,224.1,223.95,200,224.1,77
34229.34512,1,17678938,100,2241000,1,,2239500,200,2241000.00,177,,224.1,223.95,200,224.1,177
34229.35054,3,17678938,100,2241000,1,,2239500,200,2241000.00,77,,224.1,223.95,200,224.1,77
34229.35625,1,17679258,100,2241000,1,,2239500,200,2241000.00,177,,224.1,223.95,200,224.1,177
34229.85305,1,17693590,87,2241000,1,,2239500,200,2241000.00,264,,224.1,223.95,200,224.1,264
34229.93141,1,17695622,100,2241100,1,,2239500,200,2241100.00,100,,224.11,223.95,200,224.11,100
34229.93295,1,17695670,100,2241100,1,,2239500,200,2241100.00,200,,224.11,223.95,200,224.11,200
34230.01376,1,17700167,87,2241100,1,,2239500,200,2241100.00,287,,224.11,223.95,200,224.11,287
34230.47807,1,17720413,100,2241100,1,,2239500,200,2241100.00,387,,224.11,223.95,200,224.11,387
34230.68975,5,0,100,2241800,1,,2239500,200,2241100.00,387,,224.18,223.95,200,224.11,387
34232.51386,5,0,200,2241400,1,,2239500,200,2241100.00,387,,224.14,223.95,200,224.11,387
34232.51386,5,0,100,2241300,1,,2239500,200,2241100.00,387,,224.13,223.95,200,224.11,387
34232.5202,3,17695670,100,2241100,1,,2239500,200,2241100.00,287,,224.11,223.95,200,224.11,287
34232.52181,1,17791392,100,2241500,1,,2239500,200,2241500.00,100,,224.15,223.95,200,224.15,100
34232.57369,1,17794177,100,2242900,1,,2239500,200,2242900.00,100,,224.29,223.95,200,224.29,100
34232.57382,4,17794177,100,2242900,1,,2239500,200,2241500.00,100,,224.29,223.95,200,224.15,100
34232.57476,3,17791392,100,2241500,1,,2239500,200,2241100.00,287,,224.15,223.95,200,224.11,287
34232.6553,3,17720413,100,2241100,1,,2239500,200,2241100.00,187,,224.11,223.95,200,224.11,187
34232.67215,1,17796697,100,2241500,1,,2239500,200,2241500.00,100,,224.15,223.95,200,224.15,100
34232.93573,1,17802947,87,2241500,1,,2239500,200,2241500.00,187,,224.15,223.95,200,224.15,187
34233.07568,1,17808169,100,2241800,1,,2239500,200,2241800.00,100,,224.18,223.95,200,224.18,100
34233.08545,3,17808169,100,2241800,1,,2239500,200,2241500.00,187,,224.18,223.95,200,224.15,187
34233.22183,3,17802947,87,2241500,1,,2239500,200,2241500.00,100,,224.15,223.95,200,224.15,100
34233.22183,1,17813325,87,2241800,1,,2239500,200,2241800.00,87,,224.18,223.95,200,224.18,87
34233.25663,3,17813325,87,2241800,1,,2239500,200,2241100.00,100,,224.18,223.95,200,224.11,100
34233.25663,1,17814130,87,2241700,1,,2239500,200,2241700.00,87,,224.17,223.95,200,224.17,87
34233.40822,3,17814130,87,2241700,1,,2239500,200,2241100.00,100,,224.17,223.95,200,224.11,100
34233.40822,1,17822817,87,2241500,1,,2239500,200,2241500.00,87,,224.15,223.95,200,224.15,87
34233.41783,1,17823745,100,2241800,1,,2239500,200,2241800.00,100,,224.18,223.95,200,224.18,100
34233.43259,1,17824285,100,2241800,1,,2239500,200,2241800.00,200,,224.18,223.95,200,224.18,200
34233.47389,3,17823745,100,2241800,1,,2239500,200,2241800.00,100,,224.18,223.95,200,224.18,100
34233.61914,1,17831626,100,2242100,1,,2239500,200,2242100.00,100,,224.21,223.95,200,224.21,100
34233.62823,3,17831626,100,2242100,1,,2239500,200,2241800.00,100,,224.21,223.95,200,224.18,100
34233.62973,3,17824285,100,2241800,1,,2239500,200,2241500.00,100,,224.18,223.95,200,224.15,100
34233.62973,1,17832110,100,2242100,1,,2239500,200,2242100.00,100,,224.21,223.95,200,224.21,100
34233.76491,1,17835914,100,2242400,1,,2239500,200,2242400.00,100,,224.24,223.95,200,224.24,100
34233.76978,1,17836088,100,2242400,1,,2239500,200,2242400.00,200,,224.24,223.95,200,224.24,200
34233.91557,5,0,38,2242500,1,,2239500,200,2242400.00,200,,224.25,223.95,200,224.24,200
34233.91565,5,0,29,2242500,1,,2239500,200,2242400.00,200,,224.25,223.95,200,224.24,200
34233.91565,4,17835914,100,2242400,1,,2239500,200,2242400.00,100,,224.24,223.95,200,224.24,100
34233.91565,4,17836088,71,2242400,1,,2239500,200,2242400.00,29,,224.24,223.95,200,224.24,29
34233.91578,4,17836088,29,2242400,1,,2239500,200,2241100.00,100,,224.24,223.95,200,224.11,100
34234.16404,1,17851126,100,2241500,1,,2239500,200,2241500.00,100,,224.15,223.95,200,224.15,100
34234.38448,1,17866270,300,2244200,-1,,2239500,300,2241500.00,100,,224.42,223.95,300,224.15,100
34234.38713,1,17866342,100,2244200,-1,,2239500,400,2241500.00,100,,224.42,223.95,400,224.15,100
34235.01239,1,17889188,100,2241500,1,,2239500,400,2241500.00,200,,224.15,223.95,400,224.15,200
34237.49074,3,17851126,100,2241500,1,,2239500,400,2241500.00,100,,224.15,223.95,400,224.15,100
34237.49234,1,17963067,100,2242500,1,,2239500,400,2242500.00,100,,224.25,223.95,400,224.25,100
34237.49551,3,17963067,100,2242500,1,,2239500,400,2241500.00,100,,224.25,223.95,400,224.15,100
34237.6355,1,17967562,67,2242500,1,,2239500,400,2242500.00,67,,224.25,223.95,400,224.25,67
34240.00875,3,17866270,300,2244200,-1,,2239500,100,2242500.00,67,,224.42,223.95,100,224.25,67
34240.01109,1,18040154,100,2242500,1,,2239500,100,2242500.00,167,,224.25,223.95,100,224.25,167
34240.01169,1,18040192,100,2244200,-1,,2239500,200,2242500.00,167,,224.42,223.95,200,224.25,167
34240.02292,4,17967562,67,2242500,1,,2239500,200,2242500.00,100,,224.25,223.95,200,224.25,100
34240.02292,4,18040154,100,2242500,1,,2239500,200,2241500.00,100,,224.25,223.95,200,224.15,100
34240.02292,5,0,133,2242500,1,,2239500,200,2241500.00,100,,224.25,223.95,200,224.15,100
34240.02316,1,18040889,100,2242500,1,,2239500,200,2242500.00,100,,224.25,223.95,200,224.25,100
34240.02656,4,18040889,100,2242500,1,,2239500,200,2241000.00,77,,224.25,223.95,200,224.1,77
34240.02683,1,18041087,100,2242500,1,,2239500,200,2242500.00,100,,224.25,223.95,200,224.25,100
34240.34484,1,18049859,77,2242500,1,,2239500,200,2242500.00,177,,224.25,223.95,200,224.25,177
34241.52156,5,0,100,2242600,1,,2239500,200,2242500.00,177,,224.26,223.95,200,224.25,177
34241.69971,4,18041087,100,2242500,1,,2239500,200,2242500.00,77,,224.25,223.95,200,224.25,77
34241.69996,1,18082568,100,2242500,1,,2239500,200,2242500.00,177,,224.25,223.95,200,224.25,177
34242.00926,3,18040192,100,2244200,-1,,2239500,100,2242500.00,177,,224.42,223.95,100,224.25,177
34242.01626,4,18049859,77,2242500,1,,2239500,100,2242500.00,100,,224.25,223.95,100,224.25,100
34242.01626,4,18082568,23,2242500,1,,2239500,100,2242500.00,77,,224.25,223.95,100,224.25,77
34242.01648,1,18089311,100,2242500,1,,2239500,100,2242500.00,177,,224.25,223.95,100,224.25,177
34244.43091,4,18082568,77,2242500,1,,2239500,100,2242500.00,100,,224.25,223.95,100,224.25,100
34244.43091,4,18089311,23,2242500,1,,2239500,100,2242500.00,77,,224.25,223.95,100,224.25,77
34244.43116,1,18148394,31,2242500,1,,2239500,100,2242500.00,108,,224.25,223.95,100,224.25,108
34244.43389,4,18089311,77,2242500,1,,2239500,100,2242500.00,31,,224.25,223.95,100,224.25,31
34244.43389,4,18148394,23,2242500,1,,2239500,100,2242500.00,8,,224.25,223.95,100,224.25,8
34244.43401,4,18148394,8,2242500,1,,2239500,100,2241800.00,100,,224.25,223.95,100,224.18,100
34244.43778,4,18041637,100,2241800,1,,2239500,100,2240000.00,10,,224.18,223.95,100,224,10
34244.56913,5,0,100,2242000,-1,,2239500,100,2240000.00,10,,224.2,223.95,100,224,10
34245.25642,1,18172812,16,2241300,1,,2239500,100,2241300.00,16,,224.13,223.95,100,224.13,16
34245.51219,1,18178733,200,2241900,-1,,2239500,200,2241300.00,16,,224.19,223.95,200,224.13,16
34245.51236,4,18172812,16,2241300,1,,2239500,200,2240000.00,10,,224.13,223.95,200,224,10
34245.51287,4,18178733,200,2241900,-1,,2239500,100,2240000.00,10,,224.19,223.95,100,224,10
34245.51322,3,17866342,100,2244200,-1,,2239500,100,2240000.00,10,,224.42,223.95,100,224,10
34245.51331,1,18178856,200,2241900,1,,2239500,100,2241900.00,200,,224.19,223.95,100,224.19,200
34245.51333,1,18178858,200,2241900,1,,2239500,100,2241900.00,400,,224.19,223.95,100,224.19,400
34245.51334,1,18178865,200,2241900,1,,2239500,100,2241900.00,600,,224.19,223.95,100,224.19,600
34245.51506,1,18179205,100,2244500,-1,,2239500,200,2241900.00,600,,224.45,223.95,200,224.19,600
34245.95476,3,18178865,200,2241900,1,,2239500,200,2241900.00,400,,224.19,223.95,200,224.19,400
34245.9666,3,18178858,200,2241900,1,,2239500,200,2241900.00,200,,224.19,223.95,200,224.19,200
34246.03358,1,18193981,200,2244200,-1,,2239500,200,2241900.00,200,,224.42,223.95,200,224.19,200
34246.03614,1,18194101,100,2244200,-1,,2239500,300,2241900.00,200,,224.42,223.95,300,224.19,200
34246.21855,3,18178856,200,2241900,1,,2239500,300,2240000.00,10,,224.19,223.95,300,224,10
34250.00598,3,18193981,200,2244200,-1,,2239500,100,2240000.00,10,,224.42,223.95,100,224,10
34250.01699,3,17455154,10,2240000,1,,2239500,100,2238600.00,100,,224,223.95,100,223.86,100
34250.01712,1,18286174,10,2239400,1,,2239500,100,2239400.00,10,,223.94,223.95,100,223.94,10
34250.01804,3,18286174,10,2239400,1,,2239500,100,2238600.00,100,,223.94,223.95,100,223.86,100
34250.01816,1,18286315,10,2239100,1,,2239500,100,2239100.00,10,,223.91,223.95,100,223.91,10
34250.01885,3,18286315,10,2239100,1,,2239500,100,2238600.00,100,,223.91,223.95,100,223.86,100
34250.01897,1,18286630,10,2239500,1,,2239500,100,2239500.00,10,,223.95,223.95,100,223.95,10
34250.02134,3,18286630,10,2239500,1,,2239500,100,2238600.00,100,,223.95,223.95,100,223.86,100
34250.02145,1,18287021,10,2239000,1,,2239500,100,2239000.00,10,,223.9,223.95,100,223.9,10
34250.02264,3,18287021,10,2239000,1,,2239500,100,2238600.00,100,,223.9,223.95,100,223.86,100
34250.02274,1,18287108,10,2240000,1,,2239500,100,2240000.00,10,,224,223.95,100,224,10
34250.02579,3,18287108,10,2240000,1,,2239500,100,2238600.00,100,,224,223.95,100,223.86,100
34250.0259,1,18287319,10,2239000,1,,2239500,100,2239000.00,10,,223.9,223.95,100,223.9,10
34250.02817,3,18287319,10,2239000,1,,2239500,100,2238600.00,100,,223.9,223.95,100,223.86,100
34250.0283,1,18287475,10,2239100,1,,2239500,100,2239100.00,10,,223.91,223.95,100,223.91,10
34250.03948,3,18287475,10,2239100,1,,2239500,100,2238600.00,100,,223.91,223.95,100,223.86,100
34250.0396,1,18288158,10,2239200,1,,2239500,100,2239200.00,10,,223.92,223.95,100,223.92,10
34250.04306,3,18288158,10,2239200,1,,2239500,100,2238600.00,100,,223.92,223.95,100,223.86,100
34250.04317,1,18288309,10,2239000,1,,2239500,100,2239000.00,10,,223.9,223.95,100,223.9,10
34250.04507,3,18288309,10,2239000,1,,2239500,100,2238600.00,100,,223.9,223.95,100,223.86,100
34250.04518,1,18288361,10,2239100,1,,2239500,100,2239100.00,10,,223.91,223.95,100,223.91,10
34250.0618,3,18288361,10,2239100,1,,2239500,100,2238600.00,100,,223.91,223.95,100,223.86,100
34250.06191,1,18289006,10,2239200,1,,2239500,100,2239200.00,10,,223.92,223.95,100,223.92,10
34250.06507,3,18289006,10,2239200,1,,2239500,100,2238600.00,100,,223.92,223.95,100,223.86,100
34250.0652,1,18289230,10,2239000,1,,2239500,100,2239000.00,10,,223.9,223.95,100,223.9,10
34250.06719,3,18289230,10,2239000,1,,2239500,100,2238600.00,100,,223.9,223.95,100,223.86,100
34250.06732,1,18289323,10,2239100,1,,2239500,100,2239100.00,10,,223.91,223.95,100,223.91,10
34250.11815,3,18289323,10,2239100,1,,2239500,100,2238600.00,100,,223.91,223.95,100,223.86,100
34250.11827,1,18290737,10,2239200,1,,2239500,100,2239200.00,10,,223.92,223.95,100,223.92,10
34250.12209,3,18290737,10,2239200,1,,2239500,100,2238600.00,100,,223.92,223.95,100,223.86,100
34250.12219,1,18290793,10,2239000,1,,2239500,100,2239000.00,10,,223.9,223.95,100,223.9,10
34250.12507,3,18290793,10,2239000,1,,2239500,100,2238600.00,100,,223.9,223.95,100,223.86,100
34250.12518,1,18290838,10,2239100,1,,2239500,100,2239100.00,10,,223.91,223.95,100,223.91,10
34250.14127,3,18290838,10,2239100,1,,2239500,100,2238600.00,100,,223.91,223.95,100,223.86,100
34250.1414,1,18291165,10,2239200,1,,2239500,100,2239200.00,10,,223.92,223.95,100,223.92,10
34250.14499,3,18291165,10,2239200,1,,2239500,100,2238600.00,100,,223.92,223.95,100,223.86,100
34250.14513,1,18291275,10,2239000,1,,2239500,100,2239000.00,10,,223.9,223.95,100,223.9,10
34250.14717,3,18291275,10,2239000,1,,2239500,100,2238600.00,100,,223.9,223.95,100,223.86,100
34250.14729,1,18291334,10,2239100,1,,2239500,100,2239100.00,10,,223.91,223.95,100,223.91,10
34250.16205,3,18291334,10,2239100,1,,2239500,100,2238600.00,100,,223.91,223.95,100,223.86,100
34250.16216,1,18291715,10,2239200,1,,2239500,100,2239200.00,10,,223.92,223.95,100,223.92,10
34250.16633,3,18291715,10,2239200,1,,2239500,100,2238600.00,100,,223.92,223.95,100,223.86,100
34250.16644,1,18291916,10,2239000,1,,2239500,100,2239000.00,10,,223.9,223.95,100,223.9,10
34250.16862,3,18291916,10,2239000,1,,2239500,100,2238600.00,100,,223.9,223.95,100,223.86,100
34250.16872,1,18291991,10,2239100,1,,2239500,100,2239100.00,10,,223.91,223.95,100,223.91,10
34250.19258,3,18291991,10,2239100,1,,2239500,100,2238600.00,100,,223.91,223.95,100,223.86,100
34250.19274,1,18292501,10,2239200,1,,2239500,100,2239200.00,10,,223.92,223.95,100,223.92,10
34250.19633,3,18292501,10,2239200,1,,2239500,100,2238600.00,100,,223.92,223.95,100,223.86,100
34250.19645,1,18292582,10,2239000,1,,2239500,100,2239000.00,10,,223.9,223.95,100,223.9,10
34250.19882,3,18292582,10,2239000,1,,2239500,100,2238600.00,100,,223.9,223.95,100,223.86,100
34250.19894,1,18292645,10,2239100,1,,2239500,100,2239100.00,10,,223.91,223.95,100,223.91,10
34250.51551,3,18292645,10,2239100,1,,2239500,100,2238600.00,100,,223.91,223.95,100,223.86,100
34250.51564,1,18298729,10,2239200,1,,2239500,100,2239200.00,10,,223.92,223.95,100,223.92,10
34250.5193,3,18298729,10,2239200,1,,2239500,100,2238600.00,100,,223.92,223.95,100,223.86,100
34250.51942,1,18298826,10,2239000,1,,2239500,100,2239000.00,10,,223.9,223.95,100,223.9,10
34250.52191,3,18298826,10,2239000,1,,2239500,100,2238600.00,100,,223.9,223.95,100,223.86,100
34250.52202,1,18298903,10,2239100,1,,2239500,100,2239100.00,10,,223.91,223.95,100,223.91,10
34251.91813,3,18298903,10,2239100,1,,2239500,100,2238600.00,100,,223.91,223.95,100,223.86,100
34251.91823,1,18333357,10,2239200,1,,2239500,100,2239200.00,10,,223.92,223.95,100,223.92,10
34251.92188,3,18333357,10,2239200,1,,2239500,100,2238600.00,100,,223.92,223.95,100,223.86,100
34251.922,1,18333652,10,2239000,1,,2239500,100,2239000.00,10,,223.9,223.95,100,223.9,10
34251.92433,3,18333652,10,2239000,1,,2239500,100,2238600.00,100,,223.9,223.95,100,223.86,100
34251.92443,1,18333775,10,2239100,1,,2239500,100,2239100.00,10,,223.91,223.95,100,223.91,10
34252.02874,3,18333775,10,2239100,1,,2239500,100,2238600.00,100,,223.91,223.95,100,223.86,100
34252.02887,1,18340262,10,2239200,1,,2239500,100,2239200.00,10,,223.92,223.95,100,223.92,10
34252.03288,3,18340262,10,2239200,1,,2239500,100,2238600.00,100,,223.92,223.95,100,223.86,100
34252.03304,1,18341360,10,2239000,1,,2239500,100,2239000.00,10,,223.9,223.95,100,223.9,10
34252.03614,3,18341360,10,2239000,1,,2239500,100,2238600.00,100,,223.9,223.95,100,223.86,100
34252.03627,1,18342535,10,2239100,1,,2239500,100,2239100.00,10,,223.91,223.95,100,223.91,10
34252.04736,3,18342535,10,2239100,1,,2239500,100,2238600.00,100,,223.91,223.95,100,223.86,100
34252.04752,1,18344659,10,2239200,1,,2239500,100,2239200.00,10,,223.92,223.95,100,223.92,10
34252.05114,3,18344659,10,2239200,1,,2239500,100,2238600.00,100,,223.92,223.95,100,223.86,100
34252.05127,1,18344995,10,2239000,1,,2239500,100,2239000.00,10,,223.9,223.95,100,223.9,10
34252.05318,3,18344995,10,2239000,1,,2239500,100,2238600.00,100,,223.9,223.95,100,223.86,100
34252.0533,1,18345223,10,2239100,1,,2239500,100,2239100.00,10,,223.91,223.95,100,223.91,10
34252.17082,1,18352030,1,2244100,-1,,2239500,1,2239100.00,10,,224.41,223.95,1,223.91,10
34253.42734,3,18345223,10,2239100,1,,2239500,1,2238600.00,100,,223.91,223.95,1,223.86,100
34256.19816,1,18430161,200,2243500,-1,,2239500,200,2238600.00,100,,224.35,223.95,200,223.86,100
34256.20089,1,18430228,100,2243500,-1,,2239500,300,2238600.00,100,,224.35,223.95,300,223.86,100
34259.72652,5,0,12,2242500,-1,,2239500,300,2238600.00,100,,224.25,223.95,300,223.86,100
34259.72652,5,0,11,2243300,-1,,2239500,300,2238600.00,100,,224.33,223.95,300,223.86,100
34260.05997,3,18430161,200,2243500,-1,,2239500,100,2238600.00,100,,224.35,223.95,100,223.86,100
34262.07596,1,18622989,100,2243000,-1,,2239500,100,2238600.00,100,,224.3,223.95,100,223.86,100
34262.07874,1,18623148,100,2243000,-1,,2239500,200,2238600.00,100,,224.3,223.95,200,223.86,100
34265.64211,3,18623148,100,2243000,-1,,2239500,100,2238600.00,100,,224.3,223.95,100,223.86,100
34269.58368,1,18813442,183,2241900,-1,,2239500,183,2238600.00,100,,224.19,223.95,183,223.86,100
34269.58774,1,18813484,100,2241900,-1,,2239500,283,2238600.00,100,,224.19,223.95,283,223.86,100
34269.86396,1,18819065,8,2241300,-1,,2239500,8,2238600.00,100,,224.13,223.95,8,223.86,100
34271.76867,1,18877451,1,2238700,1,,2239500,8,2238700.00,1,,223.87,223.95,8,223.87,1
34273.48143,5,0,100,2239500,1,,2239500,8,2238700.00,1,,223.95,223.95,8,223.87,1
34273.58056,4,18877451,1,2238700,1,,2239500,8,2238600.00,100,,223.87,223.95,8,223.86,100
34273.58056,4,18073344,99,2238600,1,,2239500,8,2238600.00,1,,223.86,223.95,8,223.86,1
34273.77796,1,18930320,100,2239800,1,,2239500,8,2239800.00,100,,223.98,223.95,8,223.98,100
34273.77807,4,18930320,65,2239800,1,,2239500,8,2239800.00,35,,223.98,223.95,8,223.98,35
34273.77807,4,18930320,35,2239800,1,,2239500,8,2238600.00,1,,223.98,223.95,8,223.86,1
34275.37346,1,18966278,100,2240200,1,,2239500,8,2240200.00,100,,224.02,223.95,8,224.02,100
34275.37385,4,18966278,100,2240200,1,,2239500,8,2238600.00,1,,224.02,223.95,8,223.86,1
34275.40993,1,18966862,1,2241300,-1,,2239500,9,2238600.00,1,,224.13,223.95,9,223.86,1
34276.75711,1,18992920,1,2240200,-1,,2239500,1,2238600.00,1,,224.02,223.95,1,223.86,1
34280.5727,4,18992920,1,2240200,-1,,2239500,1,2238600.00,1,,224.02,223.95,1,223.86,1
34283.72056,5,0,1,2238800,1,,2239500,1,2238600.00,1,,223.88,223.95,1,223.86,1
34283.72311,5,0,1,2238800,1,,2239500,1,2238600.00,1,,223.88,223.95,1,223.86,1
34285.52317,3,18993622,1,2241200,-1,,2239500,8,2238600.00,1,,224.12,223.95,8,223.86,1
34285.59964,4,18073344,1,2238600,1,,2239500,8,2238400.00,22,,223.86,223.95,8,223.84,22
34287.83031,3,18819065,8,2241300,-1,,2239500,300,2238400.00,22,,224.13,223.95,300,223.84,22
34288.73353,1,19300526,100,2238400,1,,2239500,300,2238400.00,122,,223.84,223.95,300,223.84,122
34289.50116,1,19314473,100,2240500,-1,,2239500,100,2238400.00,122,,224.05,223.95,100,223.84,122
34289.50444,1,19314520,100,2240500,-1,,2239500,200,2238400.00,122,,224.05,223.95,200,223.84,122
34293.41387,5,0,24,2240100,-1,,2239500,200,2238400.00,122,,224.01,223.95,200,223.84,122
34297.20837,5,0,3,2240000,-1,,2239500,200,2238400.00,122,,224,223.95,200,223.84,122
34297.20837,5,0,1,2240300,-1,,2239500,200,2238400.00,122,,224.03,223.95,200,223.84,122
34297.20837,4,19314473,100,2240500,-1,,2239500,100,2238400.00,122,,224.05,223.95,100,223.84,122
34297.20837,4,19314520,96,2240500,-1,,2239500,4,2238400.00,122,,224.05,223.95,4,223.84,122
34297.20845,4,19314520,4,2240500,-1,,2239500,1,2238400.00,122,,224.05,223.95,1,223.84,122
34297.31833,3,19455584,1,2241000,-1,,2239500,300,2238400.00,122,,224.1,223.95,300,223.84,122
34303.33144,5,0,68,2238800,1,,2239500,300,2238400.00,122,,223.88,223.95,300,223.84,122
34303.33144,5,0,32,2238700,1,,2239500,300,2238400.00,122,,223.87,223.95,300,223.84,122
34303.35253,5,0,68,2238700,1,,2239500,300,2238400.00,122,,223.87,223.95,300,223.84,122
34303.35253,5,0,32,2238500,1,,2239500,300,2238400.00,122,,223.85,223.95,300,223.84,122
34303.44961,1,19620235,1,2240000,-1,,2239500,1,2238400.00,122,,224,223.95,1,223.84,122
34303.67652,5,0,67,2238500,1,,2239500,1,2238400.00,122,,223.85,223.95,1,223.84,122
34303.67652,4,18433707,22,2238400,1,,2239500,1,2238400.00,100,,223.84,223.95,1,223.84,100
34303.67652,4,19300526,33,2238400,1,,2239500,1,2238400.00,67,,223.84,223.95,1,223.84,67
34303.67663,4,19300526,67,2238400,1,,2239500,1,2236500.00,2,,223.84,223.95,1,223.65,2
34303.77466,1,19626727,100,2238200,1,,2239500,1,2238200.00,100,,223.82,223.95,1,223.82,100
34303.77477,3,19626727,100,2238200,1,,2239500,1,2236500.00,2,,223.82,223.95,1,223.65,2
34303.77477,1,19626737,100,2238100,1,,2239500,1,2238100.00,100,,223.81,223.95,1,223.81,100
34303.88631,1,19628332,10,2240000,-1,,2239500,11,2238100.00,100,,224,223.95,11,223.81,100
34303.88642,3,19626737,100,2238100,1,,2239500,11,2236500.00,2,,223.81,223.95,11,223.65,2
34303.88642,1,19628333,100,2238000,1,,2239500,11,2238000.00,100,,223.8,223.95,11,223.8,100
34304.18347,3,19620235,1,2240000,-1,,2239500,10,2238000.00,100,,224,223.95,10,223.8,100
34304.25973,1,19653110,1,2240000,-1,,2239500,11,2238000.00,100,,224,223.95,11,223.8,100
34306.97444,5,0,100,2238200,1,,2239500,11,2238000.00,100,,223.82,223.95,11,223.8,100
34307.01537,5,0,100,2238200,1,,2239500,11,2238000.00,100,,223.82,223.95,11,223.8,100
34307.01537,4,19628333,100,2238000,1,,2239500,11,2236500.00,2,,223.8,223.95,11,223.65,2
34307.7608,5,0,16,2238700,1,,2239500,11,2236500.00,2,,223.87,223.95,11,223.65,2
34307.76231,3,19628332,10,2240000,-1,,2239500,1,2236500.00,2,,224,223.95,1,223.65,2
34307.76243,1,19731576,10,2239000,-1,,2239500,10,2236500.00,2,,223.9,223.95,10,223.65,2
34307.80576,3,19731576,10,2239000,-1,,2239500,1,2236500.00,2,,223.9,223.95,1,223.65,2
34307.80587,1,19732295,10,2240000,-1,,2239500,11,2236500.00,2,,224,223.95,11,223.65,2
34307.87946,1,19733385,1,2239500,-1,,2239500,1,2236500.00,2,,223.95,223.95,1,223.65,2
34307.90094,1,19733687,10,2239000,-1,,2239500,10,2236500.00,2,,223.9,223.95,10,223.65,2
34307.90609,3,19733687,10,2239000,-1,,2239500,1,2236500.00,2,,223.9,223.95,1,223.65,2
34307.97505,1,19736143,10,2239000,-1,,2239500,10,2236500.00,2,,223.9,223.95,10,223.65,2
34308.09195,3,19736143,10,2239000,-1,,2239500,1,2236500.00,2,,223.9,223.95,1,223.65,2
34308.24051,5,0,14,2239200,-1,,2239500,1,2236500.00,2,,223.92,223.95,1,223.65,2
34308.24051,5,0,74,2239400,-1,,2239500,1,2236500.00,2,,223.94,223.95,1,223.65,2
34309.16359,5,0,1,2236900,1,,2239500,1,2236500.00,2,,223.69,223.95,1,223.65,2
34309.16832,1,19774189,10,2239500,-1,,2239500,11,2236500.00,2,,223.95,223.95,11,223.65,2
34309.17127,3,19774189,10,2239500,-1,,2239500,1,2236500.00,2,,223.95,223.95,1,223.65,2
34309.17233,1,19774450,10,2239500,-1,,2239500,11,2236500.00,2,,223.95,223.95,11,223.65,2
34309.39638,5,0,2,2237000,1,,2239500,11,2236500.00,2,,223.7,223.95,11,223.65,2
34309.72407,5,0,97,2237100,1,,2239500,11,2236500.00,2,,223.71,223.95,11,223.65,2
34309.72407,5,0,3,2236600,1,,2239500,11,2236500.00,2,,223.66,223.95,11,223.65,2
34309.72974,1,19791130,100,2236600,1,,2239500,11,2236600.00,100,,223.66,223.95,11,223.66,100
34309.73136,4,19791130,100,2236600,1,,2239500,11,2236500.00,2,,223.66,223.95,11,223.65,2
34309.73335,5,0,100,2236600,1,,2239500,11,2236500.00,2,,223.66,223.95,11,223.65,2
34309.81441,3,19774450,10,2239500,-1,,2239500,1,2236500.00,2,,223.95,223.95,1,223.65,2
34309.81453,1,19793043,10,2239400,-1,,2239500,10,2236500.00,2,,223.94,223.95,10,223.65,2
34309.82054,3,19793043,10,2239400,-1,,2239500,1,2236500.00,2,,223.94,223.95,1,223.65,2
34309.82066,1,19793184,10,2239300,-1,,2239500,10,2236500.00,2,,223.93,223.95,10,223.65,2
34309.82668,3,19793184,10,2239300,-1,,2239500,1,2236500.00,2,,223.93,223.95,1,223.65,2
34309.82678,1,19793341,10,2239200,-1,,2239500,10,2236500.00,2,,223.92,223.95,10,223.65,2
34309.87446,3,19793341,10,2239200,-1,,2239500,1,2236500.00,2,,223.92,223.95,1,223.65,2
34309.87456,1,19794320,10,2239100,-1,,2239500,10,2236500.00,2,,223.91,223.95,10,223.65,2
34309.90393,4,11474176,2,2236500,1,,2239500,10,2236100.00,11,,223.65,223.95,10,223.61,11
34309.9054,4,19233799,11,2236100,1,,2239500,10,2236000.00,15,,223.61,223.95,10,223.6,15
34309.90549,4,3920359,15,2236000,1,,2239500,10,2235000.00,100,,223.6,223.95,10,223.5,100
34309.93502,3,19794320,10,2239100,-1,,2239500,1,2235000.00,100,,223.91,223.95,1,223.5,100
34309.93514,1,19795607,10,2238900,-1,,2239500,10,2235000.00,100,,223.89,223.95,10,223.5,100
34310.04997,1,19808492,100,2237700,1,,2239500,10,2237700.00,100,,223.77,223.95,10,223.77,100
34310.05009,4,19808492,100,2237700,1,,2239500,10,2235000.00,100,,223.77,223.95,10,223.5,100
34310.25044,3,19795607,10,2238900,-1,,2239500,1,2235000.00,100,,223.89,223.95,1,223.5,100
34310.25056,1,19818565,10,2238200,-1,,2239500,10,2235000.00,100,,223.82,223.95,10,223.5,100
34310.31935,1,19822943,1,2236000,-1,,2239500,1,2235000.00,100,,223.6,223.95,1,223.5,100
34310.31945,4,19822943,1,2236000,-1,,2239500,10,2235000.00,100,,223.6,223.95,10,223.5,100
34310.32045,1,19823062,1,2238100,-1,,2239500,1,2235000.00,100,,223.81,223.95,1,223.5,100
34311.11426,5,0,100,2235200,1,,2239500,1,2235000.00,100,,223.52,223.95,1,223.5,100
34311.24872,1,19846261,100,2237300,1,,2239500,1,2237300.00,100,,223.73,223.95,1,223.73,100
34311.24883,4,19846261,39,2237300,1,,2239500,1,2237300.00,61,,223.73,223.95,1,223.73,61
34311.24883,4,19846261,61,2237300,1,,2239500,1,2235000.00,100,,223.73,223.95,1,223.5,100
34312.9225,5,0,1,2235100,1,,2239500,1,2235000.00,100,,223.51,223.95,1,223.5,100
34312.99774,1,19879921,1,2236700,-1,,2239500,1,2235000.00,100,,223.67,223.95,1,223.5,100
34314.08977,5,0,100,2236400,-1,,2239500,1,2235000.00,100,,223.64,223.95,1,223.5,100
34314.29048,5,0,1,2235200,1,,2239500,1,2235000.00,100,,223.52,223.95,1,223.5,100
34317.49222,5,0,97,2236300,-1,,2239500,1,2235000.00,100,,223.63,223.95,1,223.5,100
34317.49222,4,19879921,1,2236700,-1,,2239500,1,2235000.00,100,,223.67,223.95,1,223.5,100
34318.69391,1,19985448,99,2237000,-1,,2239500,99,2235000.00,100,,223.7,223.95,99,223.5,100
34318.95521,3,4632045,100,2235000,1,,2239500,99,2234900.00,61,,223.5,223.95,99,223.49,61
34318.95537,1,19990731,94,2235000,1,,2239500,99,2235000.00,94,,223.5,223.95,99,223.5,94
34320.52962,4,19985448,36,2237000,-1,,2239500,63,2235000.00,94,,223.7,223.95,63,223.5,94
34322.02939,4,19985448,49,2237000,-1,,2239500,14,2235000.00,94,,223.7,223.95,14,223.5,94
34322.0295,4,19985448,14,2237000,-1,,2239500,1,2235000.00,94,,223.7,223.95,1,223.5,94
34323.01594,5,0,200,2235800,1,,2239500,1,2235000.00,94,,223.58,223.95,1,223.5,94
34323.95511,5,0,100,2237400,-1,,2239500,1,2235000.00,94,,223.74,223.95,1,223.5,94
34323.95511,5,0,51,2237700,-1,,2239500,1,2235000.00,94,,223.77,223.95,1,223.5,94
34323.95511,5,0,149,2237900,-1,,2239500,1,2235000.00,94,,223.79,223.95,1,223.5,94
34323.96041,4,19823062,1,2238100,-1,,2239500,10,2235000.00,94,,223.81,223.95,10,223.5,94
34323.96041,4,19959875,10,2238200,-1,,2239500,2,2235000.00,94,,223.82,223.95,2,223.5,94
34324.0368,4,19859519,2,2238600,-1,,2239500,300,2235000.00,94,,223.86,223.95,300,223.5,94
34326.28542,1,20164379,100,2238900,-1,,2239500,100,2235000.00,94,,223.89,223.95,100,223.5,94
34328.98382,5,0,100,2238800,-1,,2239500,100,2235000.00,94,,223.88,223.95,100,223.5,94
34328.99198,4,20164379,100,2238900,-1,,2239500,300,2235000.00,94,,223.89,223.95,300,223.5,94
34329.73382,1,20254663,100,2236100,1,,2239500,300,2236100.00,100,,223.61,223.95,300,223.61,100
34331.47324,1,20298432,100,2239200,1,,2239500,300,2239200.00,100,,223.92,223.95,300,223.92,100
34331.47586,5,0,80,2239300,1,,2239500,300,2239200.00,100,,223.93,223.95,300,223.92,100
34331.47586,5,0,20,2239300,1,,2239500,300,2239200.00,100,,223.93,223.95,300,223.92,100
34331.64129,1,20301070,100,2239900,1,,2239500,300,2239900.00,100,,223.99,223.95,300,223.99,100
34331.99708,5,0,100,2241600,-1,,2239500,300,2239900.00,100,,224.16,223.95,300,223.99,100
34334.31294,1,20343976,200,2241700,1,,2239500,300,2241700.00,200,,224.17,223.95,300,224.17,200
34334.31305,4,19183169,100,2241900,-1,,2239500,200,2241700.00,200,,224.19,223.95,200,224.17,200
34334.31308,1,20343986,100,2241700,1,,2239500,200,2241700.00,300,,224.17,223.95,200,224.17,300
34334.31312,4,19183169,187,2241900,-1,,2239500,13,2241700.00,300,,224.19,223.95,13,224.17,300
34334.31314,4,20343976,200,2241700,1,,2239500,13,2241700.00,100,,224.17,223.95,13,224.17,100
34334.31316,4,19183169,13,2241900,-1,,2239500,100,2241700.00,100,,224.19,223.95,100,224.17,100
34334.31322,3,20343986,100,2241700,1,,2239500,100,2239200.00,100,,224.17,223.95,100,223.92,100
34334.31322,1,20344002,100,2241700,1,,2239500,100,2241700.00,100,,224.17,223.95,100,224.17,100
34334.31331,3,20344002,100,2241700,1,,2239500,100,2239200.00,100,,224.17,223.95,100,223.92,100
34334.31331,1,20344005,100,2241700,1,,2239500,100,2241700.00,100,,224.17,223.95,100,224.17,100
34334.33779,1,20344274,1,2242800,-1,,2239500,1,2241700.00,100,,224.28,223.95,1,224.17,100
34334.43355,4,20344274,1,2242800,-1,,2239500,100,2241700.00,100,,224.28,223.95,100,224.17,100
34334.43964,5,0,99,2243400,-1,,2239500,100,2241700.00,100,,224.34,223.95,100,224.17,100
34334.65076,5,0,1,2243400,-1,,2239500,100,2241700.00,100,,224.34,223.95,100,224.17,100
34334.65076,4,19948313,99,2243600,-1,,2239500,1,2241700.00,100,,224.36,223.95,1,224.17,100
34334.65089,3,20344005,100,2241700,1,,2239500,1,2236200.00,300,,224.17,223.95,1,223.62,300
34334.65089,1,20350495,100,2242800,1,,2239500,1,2242800.00,100,,224.28,223.95,1,224.28,100
34334.65099,3,20350495,100,2242800,1,,2239500,1,2236200.00,300,,224.28,223.95,1,223.62,300
34334.65099,1,20350503,100,2240600,1,,2239500,1,2240600.00,100,,224.06,223.95,1,224.06,100
34334.77609,3,20350503,100,2240600,1,,2239500,1,2236100.00,100,,224.06,223.95,1,223.61,100
34334.77609,1,20353511,100,2240300,1,,2239500,1,2240300.00,100,,224.03,223.95,1,224.03,100
34334.84225,1,20355014,50,2242500,-1,,2239500,50,2240300.00,100,,224.25,223.95,50,224.03,100
34334.84237,3,20353511,100,2240300,1,,2239500,50,2236100.00,100,,224.03,223.95,50,223.61,100
34334.84237,1,20355018,100,2239700,1,,2239500,50,2239700.00,100,,223.97,223.95,50,223.97,100
34336.98906,3,20355018,100,2239700,1,,2239500,50,2236100.00,100,,223.97,223.95,50,223.61,100
34336.98906,1,20410319,100,2239400,1,,2239500,50,2239400.00,100,,223.94,223.95,50,223.94,100
34338.56864,1,20436930,51,2241900,1,,2239500,50,2241900.00,51,,224.19,223.95,50,224.19,51
34338.56875,4,20436930,51,2241900,1,,2239500,50,2239400.00,100,,224.19,223.95,50,223.94,100
34338.56879,3,20410319,100,2239400,1,,2239500,50,2236100.00,100,,223.94,223.95,50,223.61,100
34338.56879,1,20436945,100,2241800,1,,2239500,50,2241800.00,100,,224.18,223.95,50,224.18,100
34338.57704,5,0,100,2241900,1,,2239500,50,2241800.00,100,,224.19,223.95,50,224.18,100
34338.57747,4,20436945,100,2241800,1,,2239500,50,2236100.00,100,,224.18,223.95,50,223.61,100
34338.57998,1,20437784,200,2236200,1,,2239500,50,2236200.00,200,,223.62,223.95,50,223.62,200
34338.58017,3,20437784,200,2236200,1,,2239500,50,2236100.00,100,,223.62,223.95,50,223.61,100
34338.60026,1,20439224,2,2242000,-1,,2239500,2,2236100.00,100,,224.2,223.95,2,223.61,100
34338.6471,3,20254663,100,2236100,1,,2239500,2,2235200.00,5,,223.61,223.95,2,223.52,5
34338.71882,1,20443473,100,2236200,1,,2239500,2,2236200.00,100,,223.62,223.95,2,223.62,100
34338.77187,3,20443473,100,2236200,1,,2239500,2,2235200.00,5,,223.62,223.95,2,223.52,5
34339.18248,1,20455022,100,2236600,1,,2239500,2,2236600.00,100,,223.66,223.95,2,223.66,100
34339.26689,3,20455022,100,2236600,1,,2239500,2,2235200.00,5,,223.66,223.95,2,223.52,5
34339.30289,1,20457452,200,2235300,1,,2239500,2,2235300.00,200,,223.53,223.95,2,223.53,200
34339.30655,3,20457452,200,2235300,1,,2239500,2,2235200.00,5,,223.53,223.95,2,223.52,5
34339.64344,1,20465048,200,2235300,1,,2239500,2,2235300.00,200,,223.53,223.95,2,223.53,200
34339.64461,3,20465048,200,2235300,1,,2239500,2,2235200.00,5,,223.53,223.95,2,223.52,5
34341.81144,3,20439224,2,2242000,-1,,2239500,50,2235200.00,5,,224.2,223.95,50,223.52,5
34345.301,1,20583033,100,2240500,1,,2239500,50,2240500.00,100,,224.05,223.95,50,224.05,100
34345.91246,4,20583033,1,2240500,1,,2239500,50,2240500.00,99,,224.05,223.95,50,224.05,99
34346.15125,4,20583033,1,2240500,1,,2239500,50,2240500.00,98,,224.05,223.95,50,224.05,98
34346.34233,4,20583033,98,2240500,1,,2239500,50,2235200.00,5,,224.05,223.95,50,223.52,5
34346.34969,5,0,20,2241000,1,,2239500,50,2235200.00,5,,224.1,223.95,50,223.52,5
34346.44011,1,20618589,100,2239300,1,,2239500,50,2239300.00,100,,223.93,223.95,50,223.93,100
34346.44042,3,20618589,100,2239300,1,,2239500,50,2235200.00,5,,223.93,223.95,50,223.52,5
34346.44042,1,20618667,100,2239000,1,,2239500,50,2239000.00,100,,223.9,223.95,50,223.9,100
34347.56596,1,20652047,200,2242000,-1,,2239500,200,2239000.00,100,,224.2,223.95,200,223.9,100
34347.56611,3,20618667,100,2239000,1,,2239500,200,2235200.00,5,,223.9,223.95,200,223.52,5
34347.56611,1,20652049,100,2237900,1,,2239500,200,2237900.00,100,,223.79,223.95,200,223.79,100
34348.423,1,20674653,1,2241900,-1,,2239500,1,2237900.00,100,,224.19,223.95,1,223.79,100
34348.42463,3,20674653,1,2241900,-1,,2239500,200,2237900.00,100,,224.19,223.95,200,223.79,100
34348.42463,1,20675051,2,2241900,-1,,2239500,2,2237900.00,100,,224.19,223.95,2,223.79,100
34348.59136,4,20652049,100,2237900,1,,2239500,2,2235200.00,5,,223.79,223.95,2,223.52,5
34348.61504,3,20440498,5,2235200,1,,2239500,2,2235000.00,94,,223.52,223.95,2,223.5,94
34348.83589,1,20687888,100,2238200,1,,2239500,2,2238200.00,100,,223.82,223.95,2,223.82,100
34348.83626,4,20687888,100,2238200,1,,2239500,2,2235000.00,94,,223.82,223.95,2,223.5,94
34349.29473,1,20725771,100,2241900,-1,,2239500,102,2235000.00,94,,224.19,223.95,102,223.5,94
34350.07282,1,20753785,2,2241400,-1,,2239500,2,2235000.00,94,,224.14,223.95,2,223.5,94
34350.07294,1,20753796,2,2241300,-1,,2239500,2,2235000.00,94,,224.13,223.95,2,223.5,94
34351.12651,1,20779824,200,2241300,-1,,2239500,202,2235000.00,94,,224.13,223.95,202,223.5,94
34352.74509,1,20812077,200,2240000,-1,,2239500,200,2235000.00,94,,224,223.95,200,223.5,94
34352.74523,1,20812082,2,2239900,-1,,2239500,2,2235000.00,94,,223.99,223.95,2,223.5,94
34352.75772,5,0,63,2237950,1,,2239500,2,2235000.00,94,,223.795,223.95,2,223.5,94
34357.31806,1,20897618,100,2238300,1,,2239500,2,2238300.00,100,,223.83,223.95,2,223.83,100
34357.31818,4,20897618,2,2238300,1,,2239500,2,2238300.00,98,,223.83,223.95,2,223.83,98
34357.31843,4,20897618,98,2238300,1,,2239500,2,2235000.00,94,,223.83,223.95,2,223.5,94
34357.92341,1,20905547,100,2239400,-1,,2239500,100,2235000.00,94,,223.94,223.95,100,223.5,94
34357.92353,1,20905551,2,2239300,-1,,2239500,2,2235000.00,94,,223.93,223.95,2,223.5,94
34357.94236,1,20905801,2,2238400,-1,,2239500,2,2235000.00,94,,223.84,223.95,2,223.5,94
34357.94248,1,20905802,2,2238300,-1,,2239500,2,2235000.00,94,,223.83,223.95,2,223.5,94
34367.39551,4,20905802,2,2238300,-1,,2239500,2,2235000.00,94,,223.83,223.95,2,223.5,94
34367.39551,4,20905801,2,2238400,-1,,2239500,1,2235000.00,94,,223.84,223.95,1,223.5,94
34367.4936,3,20905834,1,2238900,-1,,2239500,300,2235000.00,94,,223.89,223.95,300,223.5,94
34367.52111,1,21116099,1,2238600,-1,,2239500,1,2235000.00,94,,223.86,223.95,1,223.5,94
34367.52287,1,21116125,1,2238600,-1,,2239500,2,2235000.00,94,,223.86,223.95,2,223.5,94
34369.7575,1,21158422,100,2238600,-1,,2239500,102,2235000.00,94,,223.86,223.95,102,223.5,94
34372.18422,1,21200354,200,2238600,-1,,2239500,302,2235000.00,94,,223.86,223.95,302,223.5,94
34376.53793,3,21116099,1,2238600,-1,,2239500,301,2235000.00,94,,223.86,223.95,301,223.5,94
34376.53961,3,21116125,1,2238600,-1,,2239500,300,2235000.00,94,,223.86,223.95,300,223.5,94
34377.54756,3,21200354,200,2238600,-1,,2239500,100,2235000.00,94,,223.86,223.95,100,223.5,94
34377.54767,1,21283697,200,2238300,-1,,2239500,200,2235000.00,94,,223.83,223.95,200,223.5,94
34377.56809,1,21283999,1,2237600,-1,,2239500,1,2235000.00,94,,223.76,223.95,1,223.5,94
34377.56972,1,21284027,1,2237600,-1,,2239500,2,2235000.00,94,,223.76,223.95,2,223.5,94
34378.42366,4,21283999,1,2237600,-1,,2239500,1,2235000.00,94,,223.76,223.95,1,223.5,94
34378.42366,4,21284027,1,2237600,-1,,2239500,200,2235000.00,94,,223.76,223.95,200,223.5,94
34378.42621,1,21294878,100,2238200,-1,,2239500,100,2235000.00,94,,223.82,223.95,100,223.5,94
34378.43575,5,0,98,2238100,-1,,2239500,100,2235000.00,94,,223.81,223.95,100,223.5,94
34378.43635,3,21294878,100,2238200,-1,,2239500,200,2235000.00,94,,223.82,223.95,200,223.5,94
34378.43741,1,21294996,100,2238200,-1,,2239500,100,2235000.00,94,,223.82,223.95,100,223.5,94
34380.65174,3,21294996,100,2238200,-1,,2239500,200,2235000.00,94,,223.82,223.95,200,223.5,94
34380.68937,1,21342263,100,2237900,-1,,2239500,100,2235000.00,94,,223.79,223.95,100,223.5,94
34380.70583,1,21343808,1,2237900,-1,,2239500,101,2235000.00,94,,223.79,223.95,101,223.5,94
34386.84953,3,21343808,1,2237900,-1,,2239500,100,2235000.00,94,,223.79,223.95,100,223.5,94
34389.15891,1,21508773,1,2237700,-1,,2239500,1,2235000.00,94,,223.77,223.95,1,223.5,94
34391.71739,1,21559847,100,2237700,-1,,2239500,101,2235000.00,94,,223.77,223.95,101,223.5,94
34393.08352,1,21587203,100,2237700,-1,,2239500,201,2235000.00,94,,223.77,223.95,201,223.5,94
34394.94367,1,21616444,100,2237500,-1,,2239500,100,2235000.00,94,,223.75,223.95,100,223.5,94
34394.96178,1,21616642,1,2237500,-1,,2239500,101,2235000.00,94,,223.75,223.95,101,223.5,94
34395.84295,4,21616444,100,2237500,-1,,2239500,1,2235000.00,94,,223.75,223.95,1,223.5,94
34395.84391,4,21616642,1,2237500,-1,,2239500,201,2235000.00,94,,223.75,223.95,201,223.5,94
34395.84484,4,21508773,1,2237700,-1,,2239500,200,2235000.00,94,,223.77,223.95,200,223.5,94
34395.84484,4,21559847,100,2237700,-1,,2239500,100,2235000.00,94,,223.77,223.95,100,223.5,94
34395.84484,4,21587203,99,2237700,-1,,2239500,1,2235000.00,94,,223.77,223.95,1,223.5,94
34395.845,4,21587203,1,2237700,-1,,2239500,200,2235000.00,94,,223.77,223.95,200,223.5,94
34395.84695,1,21636092,100,2237700,-1,,2239500,100,2235000.00,94,,223.77,223.95,100,223.5,94
34395.84711,4,21636092,100,2237700,-1,,2239500,200,2235000.00,94,,223.77,223.95,200,223.5,94
34395.84712,5,0,100,2237700,-1,,2239500,200,2235000.00,94,,223.77,223.95,200,223.5,94
34395.84743,1,21636299,100,2237700,-1,,2239500,100,2235000.00,94,,223.77,223.95,100,223.5,94
34395.84763,4,21636299,96,2237700,-1,,2239500,4,2235000.00,94,,223.77,223.95,4,223.5,94
34395.84765,4,21636299,4,2237700,-1,,2239500,200,2235000.00,94,,223.77,223.95,200,223.5,94
34395.84791,1,21636573,100,2237700,-1,,2239500,100,2235000.00,94,,223.77,223.95,100,223.5,94
34395.84886,4,21636573,69,2237700,-1,,2239500,31,2235000.00,94,,223.77,223.95,31,223.5,94
34395.84904,4,21636573,31,2237700,-1,,2239500,200,2235000.00,94,,223.77,223.95,200,223.5,94
34395.84905,5,0,100,2237700,-1,,2239500,200,2235000.00,94,,223.77,223.95,200,223.5,94
34395.84921,1,21637454,100,2237700,-1,,2239500,100,2235000.00,94,,223.77,223.95,100,223.5,94
34395.85147,4,21637454,100,2237700,-1,,2239500,200,2235000.00,94,,223.77,223.95,200,223.5,94
34395.85155,3,21138842,200,2239800,-1,,2239500,200,2235000.00,94,,223.98,223.95,200,223.5,94
34395.85155,1,21638597,200,2239500,-1,,2239500,200,2235000.00,94,,223.95,223.95,200,223.5,94
34395.85172,1,21638670,100,2237700,-1,,2239500,100,2235000.00,94,,223.77,223.95,100,223.5,94
34395.87367,4,21638670,12,2237700,-1,,2239500,88,2235000.00,94,,223.77,223.95,88,223.5,94
34395.87392,1,21644399,100,2237700,-1,,2239500,188,2235000.00,94,,223.77,223.95,188,223.5,94
34395.93855,4,21638670,88,2237700,-1,,2239500,100,2235000.00,94,,223.77,223.95,100,223.5,94
34395.93855,4,21644399,12,2237700,-1,,2239500,88,2235000.00,94,,223.77,223.95,88,223.5,94
34395.93888,1,21650189,67,2237700,-1,,2239500,155,2235000.00,94,,223.77,223.95,155,223.5,94
34396.02318,4,21644399,88,2237700,-1,,2239500,67,2235000.00,94,,223.77,223.95,67,223.5,94
34396.02318,4,21650189,67,2237700,-1,,2239500,200,2235000.00,94,,223.77,223.95,200,223.5,94
34396.02355,3,21638597,200,2239500,-1,,2239500,200,2235000.00,94,,223.95,223.95,200,223.5,94
34396.02355,1,21655826,200,2239700,-1,,2239500,200,2235000.00,94,,223.97,223.95,200,223.5,94
34396.03601,3,21655826,200,2239700,-1,,2239500,200,2235000.00,94,,223.97,223.95,200,223.5,94
34396.03601,1,21656537,200,2239900,-1,,2239500,200,2235000.00,94,,223.99,223.95,200,223.5,94
34396.78674,1,21674864,7,2236000,1,,2239500,200,2236000.00,7,,223.6,223.95,200,223.6,7
34396.7871,3,21656537,200,2239900,-1,,2239500,200,2236000.00,7,,223.99,223.95,200,223.6,7
34397.20442,1,21683768,500,2236000,1,,2239500,200,2236000.00,507,,223.6,223.95,200,223.6,507
34400.0454,1,21748178,400,2239900,-1,,2239500,400,2236000.00,507,,223.99,223.95,400,223.6,507
34400.29596,2,21748178,200,2239900,-1,,2239500,200,2236000.00,507,,223.99,223.95,200,223.6,507
34400.30175,3,21748178,200,2239900,-1,,2239500,200,2236000.00,507,,223.99,223.95,200,223.6,507
34402.15157,1,21798025,200,2239900,-1,,2239500,200,2236000.00,507,,223.99,223.95,200,223.6,507
34402.73249,5,0,45,2237000,1,,2239500,200,2236000.00,507,,223.7,223.95,200,223.6,507
34402.77946,1,21806628,1,2238800,-1,,2239500,1,2236000.00,507,,223.88,223.95,1,223.6,507
34405.79861,4,21806628,1,2238800,-1,,2239500,200,2236000.00,507,,223.88,223.95,200,223.6,507
34406.54362,1,21866410,100,2236500,1,,2239500,200,2236500.00,100,,223.65,223.95,200,223.65,100
34406.54364,1,21866411,100,2239600,-1,,2239500,100,2236500.00,100,,223.96,223.95,100,223.65,100
34406.5441,1,21866417,400,2239600,-1,,2239500,500,2236500.00,100,,223.96,223.95,500,223.65,100
34407.02534,1,21873101,200,2239600,-1,,2239500,700,2236500.00,100,,223.96,223.95,700,223.65,100
34409.32602,2,21866417,200,2239600,-1,,2239500,500,2236500.00,100,,223.96,223.95,500,223.65,100
34412.01153,1,21942984,100,2237600,1,,2239500,500,2237600.00,100,,223.76,223.95,500,223.76,100
34414.71833,1,21980296,43,2238900,-1,,2239500,43,2237600.00,100,,223.89,223.95,43,223.76,100
34414.76546,4,21942984,100,2237600,1,,2239500,43,2236500.00,100,,223.76,223.95,43,223.65,100
34415.99078,4,21866410,2,2236500,1,,2239500,43,2236500.00,98,,223.65,223.95,43,223.65,98
34415.99305,4,21866410,2,2236500,1,,2239500,43,2236500.00,96,,223.65,223.95,43,223.65,96
34418.45018,5,0,100,2238600,-1,,2239500,43,2236500.00,96,,223.86,223.95,43,223.65,96
34419.52291,3,21980296,43,2238900,-1,,2239500,300,2236500.00,96,,223.89,223.95,300,223.65,96
34419.52337,5,0,55,2239500,-1,,2239500,300,2236500.00,96,,223.95,223.95,300,223.65,96
34419.52337,4,21866411,100,2239600,-1,,2239500,200,2236500.00,96,,223.96,223.95,200,223.65,96
34419.52337,4,21866417,145,2239600,-1,,2239500,55,2236500.00,96,,223.96,223.95,55,223.65,96
34419.52346,5,0,18,2238800,1,,2239500,55,2236500.00,96,,223.88,223.95,55,223.65,96
34419.52456,3,21866417,55,2239600,-1,,2239500,200,2236500.00,96,,223.96,223.95,200,223.65,96
34419.52456,1,22051475,100,2239700,-1,,2239500,100,2236500.00,96,,223.97,223.95,100,223.65,96
34419.52592,3,22051475,100,2239700,-1,,2239500,200,2236500.00,96,,223.97,223.95,200,223.65,96
34419.52592,1,22051487,100,2239900,-1,,2239500,100,2236500.00,96,,223.99,223.95,100,223.65,96
34419.53174,3,22051487,100,2239900,-1,,2239500,200,2236500.00,96,,223.99,223.95,200,223.65,96
34420.71892,1,22091806,43,2238600,-1,,2239500,43,2236500.00,96,,223.86,223.95,43,223.65,96
34420.71904,4,22091806,43,2238600,-1,,2239500,200,2236500.00,96,,223.86,223.95,200,223.65,96
34421.84231,5,0,100,2239900,-1,,2239500,200,2236500.00,96,,223.99,223.95,200,223.65,96
34427.75801,1,22186452,100,2240000,-1,,2239500,300,2236500.00,96,,224,223.95,300,223.65,96
34427.79575,1,22186797,1,2239600,-1,,2239500,1,2236500.00,96,,223.96,223.95,1,223.65,96
34429.9237,1,22209500,2,2238600,-1,,2239500,2,2236500.00,96,,223.86,223.95,2,223.65,96
34431.28033,1,22225266,200,2236500,1,,2239500,2,2236500.00,296,,223.65,223.95,2,223.65,296
34431.28267,3,22225266,200,2236500,1,,2239500,2,2236500.00,96,,223.65,223.95,2,223.65,96
34431.30409,4,22209500,2,2238600,-1,,2239500,1,2236500.00,96,,223.86,223.95,1,223.65,96
34431.30628,4,22186797,1,2239600,-1,,2239500,300,2236500.00,96,,223.96,223.95,300,223.65,96
34431.31811,4,20812077,40,2240000,-1,,2239500,260,2236500.00,96,,224,223.95,260,223.65,96
34433.00551,3,22186452,100,2240000,-1,,2239500,160,2236500.00,96,,224,223.95,160,223.65,96
34433.00707,4,20812077,160,2240000,-1,,2239500,200,2236500.00,96,,224,223.95,200,223.65,96
34433.00752,1,22255951,100,2240000,1,,2239500,200,2240000.00,100,,224,223.95,200,224,100
34433.01432,3,22106242,200,2241800,-1,,2239500,200,2240000.00,100,,224.18,223.95,200,224,100
34433.72247,3,22255951,100,2240000,1,,2239500,200,2236500.00,196,,224,223.95,200,223.65,196
34434.21553,1,22274843,100,2237300,1,,2239500,200,2237300.00,100,,223.73,223.95,200,223.73,100
34435.9069,1,22295829,100,2240000,1,,2239500,200,2240000.00,100,,224,223.95,200,224,100
34439.62672,1,22338263,1,2242000,-1,,2239500,201,2240000.00,100,,224.2,223.95,201,224,100
34442.01638,5,0,100,2241800,-1,,2239500,201,2240000.00,100,,224.18,223.95,201,224,100
34444.05422,5,0,100,2241900,-1,,2239500,201,2240000.00,100,,224.19,223.95,201,224,100
34444.05505,5,0,45,2241900,-1,,2239500,201,2240000.00,100,,224.19,223.95,201,224,100
34444.05505,4,20652047,55,2242000,-1,,2239500,146,2240000.00,100,,224.2,223.95,146,224,100
34444.05582,4,20652047,100,2242000,-1,,2239500,46,2240000.00,100,,224.2,223.95,46,224,100
34444.05592,4,20652047,45,2242000,-1,,2239500,1,2240000.00,100,,224.2,223.95,1,224,100
34444.05592,4,22338263,1,2242000,-1,,2239500,50,2240000.00,100,,224.2,223.95,50,224,100
34444.05632,1,22426277,100,2242000,1,,2239500,50,2242000.00,100,,224.2,223.95,50,224.2,100
34444.05674,4,20355014,50,2242500,-1,,2239500,30,2242000.00,100,,224.25,223.95,30,224.2,100
34444.21739,4,21120913,30,2242900,-1,,2239500,100,2242000.00,100,,224.29,223.95,100,224.2,100
34444.21776,4,20915644,100,2243000,-1,,2239500,1,2242000.00,100,,224.3,223.95,1,224.2,100
34444.22054,4,19948313,1,2243600,-1,,2239500,100,2242000.00,100,,224.36,223.95,100,224.2,100
34444.27235,5,0,45,2242300,1,,2239500,100,2242000.00,100,,224.23,223.95,100,224.2,100
34444.27235,5,0,55,2242200,1,,2239500,100,2242000.00,100,,224.22,223.95,100,224.2,100
34444.46398,3,22426277,100,2242000,1,,2239500,100,2240000.00,100,,224.2,223.95,100,224,100
34445.74798,1,22450352,100,2242000,1,,2239500,100,2242000.00,100,,224.2,223.95,100,224.2,100
34445.98519,1,22453396,100,2242000,1,,2239500,100,2242000.00,200,,224.2,223.95,100,224.2,200
34448.16945,5,0,100,2244100,-1,,2239500,100,2242000.00,200,,224.41,223.95,100,224.2,200
34448.77981,5,0,2,2242300,1,,2239500,100,2242000.00,200,,224.23,223.95,100,224.2,200
34448.78113,5,0,2,2242300,1,,2239500,100,2242000.00,200,,224.23,223.95,100,224.2,200
34449.85646,3,17454308,100,2244500,-1,,2239500,5,2242000.00,200,,224.45,223.95,5,224.2,200
34449.85684,1,22517179,200,2244500,-1,,2239500,200,2242000.00,200,,224.45,223.95,200,224.2,200
34449.85739,5,0,200,2244100,-1,,2239500,200,2242000.00,200,,224.41,223.95,200,224.2,200
34449.858,4,22517179,100,2244500,-1,,2239500,100,2242000.00,200,,224.45,223.95,100,224.2,200
34449.86089,4,22517179,100,2244500,-1,,2239500,5,2242000.00,200,,224.45,223.95,5,224.2,200
34449.86089,5,0,75,2244500,-1,,2239500,5,2242000.00,200,,224.45,223.95,5,224.2,200
34449.86112,1,22517293,125,2244500,-1,,2239500,125,2242000.00,200,,224.45,223.95,125,224.2,200
34449.86296,4,22517293,100,2244500,-1,,2239500,25,2242000.00,200,,224.45,223.95,25,224.2,200
34449.86346,4,22517293,21,2244500,-1,,2239500,4,2242000.00,200,,224.45,223.95,4,224.2,200
34449.96038,4,22517293,4,2244500,-1,,2239500,5,2242000.00,200,,224.45,223.95,5,224.2,200
34450.0205,4,4631805,5,2245000,-1,,2239500,10,2242000.00,200,,224.5,223.95,10,224.2,200
34450.0284,1,22519873,100,2244900,1,,2239500,10,2244900.00,100,,224.49,223.95,10,224.49,100
34450.04903,4,22519873,100,2244900,1,,2239500,10,2242000.00,200,,224.49,223.95,10,224.2,200
34450.22703,1,22522589,100,2244900,1,,2239500,10,2244900.00,100,,224.49,223.95,10,224.49,100
34450.22739,4,22522589,100,2244900,1,,2239500,10,2242000.00,200,,224.49,223.95,10,224.2,200
34450.45009,1,22524875,100,2244900,1,,2239500,10,2244900.00,100,,224.49,223.95,10,224.49,100
34450.71831,1,22527537,5,2246900,-1,,2239500,5,2244900.00,100,,224.69,223.95,5,224.49,100
34451.03318,4,22524875,100,2244900,1,,2239500,5,2242000.00,200,,224.49,223.95,5,224.2,200
34451.22413,1,22532942,100,2244900,1,,2239500,5,2244900.00,100,,224.49,223.95,5,224.49,100
34451.3338,3,22532942,100,2244900,1,,2239500,5,2242000.00,100,,224.49,223.95,5,224.2,100
34451.3338,1,22534491,100,2244400,1,,2239500,5,2244400.00,100,,224.44,223.95,5,224.44,100
34451.34393,1,22534667,100,2244900,1,,2239500,5,2244900.00,100,,224.49,223.95,5,224.49,100
34451.34401,1,22534671,100,2245800,1,,2239500,5,2245800.00,100,,224.58,223.95,5,224.58,100
34453.66212,5,0,100,2245900,1,,2239500,5,2245800.00,100,,224.59,223.95,5,224.58,100
34453.6622,4,22534671,100,2245800,1,,2239500,5,2244900.00,100,,224.58,223.95,5,224.49,100
34454.74016,1,22582524,100,2246800,-1,,2239500,100,2244900.00,100,,224.68,223.95,100,224.49,100
34454.75664,5,0,100,2245100,1,,2239500,100,2244900.00,100,,224.51,223.95,100,224.49,100
34454.75664,4,22534667,100,2244900,1,,2239500,100,2242000.00,100,,224.49,223.95,100,224.2,100
34455.42208,1,22591862,100,2244600,1,,2239500,100,2244600.00,100,,224.46,223.95,100,224.46,100
34455.42219,4,22591862,100,2244600,1,,2239500,100,2242000.00,100,,224.46,223.95,100,224.2,100
34457.07773,1,22611872,200,2246800,-1,,2239500,300,2242000.00,100,,224.68,223.95,300,224.2,100
34457.09386,3,22611872,200,2246800,-1,,2239500,100,2242000.00,100,,224.68,223.95,100,224.2,100
34460.28235,3,22582524,100,2246800,-1,,2239500,205,2242000.00,100,,224.68,223.95,205,224.2,100
34460.285,3,22615729,200,2246900,-1,,2239500,5,2242000.00,100,,224.69,223.95,5,224.2,100
34460.28517,1,22671751,300,2246400,-1,,2239500,300,2242000.00,100,,224.64,223.95,300,224.2,100
34460.31492,1,22672038,1,2245900,-1,,2239500,1,2242000.00,100,,224.59,223.95,1,224.2,100
34462.87011,5,0,11,2244100,-1,,2239500,1,2242000.00,100,,224.41,223.95,1,224.2,100
34462.87011,5,0,90,2245500,-1,,2239500,1,2242000.00,100,,224.55,223.95,1,224.2,100
34462.87262,5,0,101,2245800,-1,,2239500,1,2242000.00,100,,224.58,223.95,1,224.2,100
34462.88011,4,22672038,1,2245900,-1,,2239500,300,2242000.00,100,,224.59,223.95,300,224.2,100
34462.88394,5,0,100,2246300,-1,,2239500,300,2242000.00,100,,224.63,223.95,300,224.2,100
34463.6891,1,22709259,200,2246400,-1,,2239500,500,2242000.00,100,,224.64,223.95,500,224.2,100
34464.25323,5,0,1,2244200,1,,2239500,500,2242000.00,100,,224.42,223.95,500,224.2,100
34464.25346,3,22709259,200,2246400,-1,,2239500,300,2242000.00,100,,224.64,223.95,300,224.2,100
34464.25465,5,0,2,2244300,1,,2239500,300,2242000.00,100,,224.43,223.95,300,224.2,100
34464.26224,5,0,2,2244400,1,,2239500,300,2242000.00,100,,224.44,223.95,300,224.2,100
34464.94769,3,22671751,300,2246400,-1,,2239500,200,2242000.00,100,,224.64,223.95,200,224.2,100
34464.9653,3,22723179,200,2246700,-1,,2239500,5,2242000.00,100,,224.67,223.95,5,224.2,100
34464.9653,1,22727904,200,2246900,-1,,2239500,205,2242000.00,100,,224.69,223.95,205,224.2,100
34465.44635,5,0,2,2244600,1,,2239500,205,2242000.00,100,,224.46,223.95,205,224.2,100
34465.44771,5,0,2,2244200,1,,2239500,205,2242000.00,100,,224.42,223.95,205,224.2,100
34468.01069,1,22771332,300,2246900,-1,,2239500,505,2242000.00,100,,224.69,223.95,505,224.2,100
34468.5817,1,22777513,1,2246900,-1,,2239500,506,2242000.00,100,,224.69,223.95,506,224.2,100
34468.90068,3,22727904,200,2246900,-1,,2239500,306,2242000.00,100,,224.69,223.95,306,224.2,100
34469.0047,3,22777513,1,2246900,-1,,2239500,305,2242000.00,100,,224.69,223.95,305,224.2,100
34469.12808,1,22783957,1,2246500,-1,,2239500,1,2242000.00,100,,224.65,223.95,1,224.2,100
34469.36073,1,22786334,100,2245700,1,,2239500,1,2245700.00,100,,224.57,223.95,1,224.57,100
34470.05376,5,0,50,2245800,1,,2239500,1,2245700.00,100,,224.58,223.95,1,224.57,100
34470.49887,4,22783957,1,2246500,-1,,2239500,305,2245700.00,100,,224.65,223.95,305,224.57,100
34470.50185,4,22527537,5,2246900,-1,,2239500,300,2245700.00,100,,224.69,223.95,300,224.57,100
34470.50185,4,22771332,19,2246900,-1,,2239500,281,2245700.00,100,,224.69,223.95,281,224.57,100
34472.20839,4,22771332,200,2246900,-1,,2239500,81,2245700.00,100,,224.69,223.95,81,224.57,100
34472.21522,4,22771332,81,2246900,-1,,2239500,10,2245700.00,100,,224.69,223.95,10,224.57,100
34472.81836,4,4631225,10,2247500,-1,,2239500,100,2245700.00,100,,224.75,223.95,100,224.57,100
34472.81836,5,0,90,2247500,-1,,2239500,100,2245700.00,100,,224.75,223.95,100,224.57,100
34472.90786,1,22832361,100,2247500,1,,2239500,100,2247500.00,100,,224.75,223.95,100,224.75,100
34472.90795,4,22832361,100,2247500,1,,2239500,100,2245700.00,100,,224.75,223.95,100,224.57,100
34472.90915,5,0,50,2246200,1,,2239500,100,2245700.00,100,,224.62,223.95,100,224.57,100
34472.90915,5,0,50,2246100,1,,2239500,100,2245700.00,100,,224.61,223.95,100,224.57,100
34472.9099,1,22832389,77,2247900,-1,,2239500,177,2245700.00,100,,224.79,223.95,177,224.57,100
34473.57315,1,22839312,300,2247500,-1,,2239500,300,2245700.00,100,,224.75,223.95,300,224.57,100
34473.57333,1,22839315,77,2247500,-1,,2239500,377,2245700.00,100,,224.75,223.95,377,224.57,100
34473.96245,5,0,2,2245900,1,,2239500,377,2245700.00,100,,224.59,223.95,377,224.57,100
34473.96373,5,0,2,2245900,1,,2239500,377,2245700.00,100,,224.59,223.95,377,224.57,100
34473.97338,5,0,2,2245900,1,,2239500,377,2245700.00,100,,224.59,223.95,377,224.57,100
34473.97566,5,0,1,2245900,1,,2239500,377,2245700.00,100,,224.59,223.95,377,224.57,100
34474.74381,5,0,2,2245900,1,,2239500,377,2245700.00,100,,224.59,223.95,377,224.57,100
34475.72302,5,0,1,2245900,1,,2239500,377,2245700.00,100,,224.59,223.95,377,224.57,100
34477.42495,3,22839312,300,2247500,-1,,2239500,77,2245700.00,100,,224.75,223.95,77,224.57,100
34477.42782,1,22891526,200,2247500,-1,,2239500,277,2245700.00,100,,224.75,223.95,277,224.57,100
34477.44875,5,0,90,2245900,1,,2239500,277,2245700.00,100,,224.59,223.95,277,224.57,100
34477.44875,5,0,67,2245800,1,,2239500,277,2245700.00,100,,224.58,223.95,277,224.57,100
,,,,,,,,,,,,,,,,
,,,,,,,,,,,,,,,,
,,,,,,,,,,,,,,,,
,,,,,,,,,,,,,,,,
,,,,,,,,,,,,,,,,
,,,,,,,,,,,,,,,,
,,,,,,,,,,,,,,,,
,,,,,,,,,,,,,,,,
,,,,,,,,,,,,,,,,
,,,,,,,,,,,,,,,,
,,,,,,,,,,,,,,,,
,,,,,,,,,,,,,,,,
,,,,,,,,,,,,,,,,
,,,,,,,,,,,,,,,,
,,,,,,,,,,,,,,,,
,,,,,,,,,,,,,,,,
,,,,,,,,,,,,,,,,
,,,,,,,,,,,,,,,,
,,,,,,,,,,,,,,,,
,,,,,,,,,,,,,,,,
,,,,,,,,,,,,,,,,
,,,,,,,,,,,,,,,,
,,,,,,,,,,,,,,,,
,,,,,,,,,,,,,,,,
,,,,,,,,,,,,,,,,
,,,,,,,,,,,,,,,,
,,,,,,,,,,,,,,,,
,,,,,,,,,,,,,,,,
,,,,,,,,,,,,,,,,
,,,,,,,,,,,,,,,,
,,,,,,,,,,,,,,,,
,,,,,,,,,,,,,,,,
,,,,,,,,,,,,,,,,
,,,,,,,,,,,,,,,,
,,,,,,,,,,,,,,,,
,,,,,,,,,,,,,,,,
,,,,,,,,,,,,,,,,
,,,,,,,,,,,,,,,,
,,,,,,,,,,,,,,,,
,,,,,,,,,,,,,,,,
,,,,,,,,,,,,,,,,
,,,,,,,,,,,,,,,,
,,,,,,,,,,,,,,,,
,,,,,,,,,,,,,,,,
,,,,,,,,,,,,,,,,
,,,,,,,,,,,,,,,,
,,,,,,,,,,,,,,,,
,,,,,,,,,,,,,,,,
,,,,,,,,,,,,,,,,
,,,,,,,,,,,,,,,,
,,,,,,,,,,,,,,,,
,,,,,,,,,,,,,,,,
,,,,,,,,,,,,,,,,
,,,,,,,,,,,,,,,,
,,,,,,,,,,,,,,,,
,,,,,,,,,,,,,,,,
,,,,,,,,,,,,,,,,
,,,,,,,,,,,,,,,,
,,,,,,,,,,,,,,,,
,,,,,,,,,,,,,,,,
,,,,,,,,,,,,,,,,
,,,,,,,,,,,,,,,,
,,,,,,,,,,,,,,,,
,,,,,,,,,,,,,,,,
,,,,,,,,,,,,,,,,
,,,,,,,,,,,,,,,,
,,,,,,,,,,,,,,,,
,,,,,,,,,,,,,,,,
,,,,,,,,,,,,,,,,
,,,,,,,,,,,,,,,,
,,,,,,,,,,,,,,,,
,,,,,,,,,,,,,,,,
,,,,,,,,,,,,,,,,
,,,,,,,,,,,,,,,,
,,,,,,,,,,,,,,,,
,,,,,,,,,,,,,,,,
,,,,,,,,,,,,,,,,
,,,,,,,,,,,,,,,,
,,,,,,,,,,,,,,,,
,,,,,,,,,,,,,,,,
,,,,,,,,,,,,,,,,
,,,,,,,,,,,,,,,,
,,,,,,,,,,,,,,,,
,,,,,,,,,,,,,,,,
,,,,,,,,,,,,,,,,
,,,,,,,,,,,,,,,,
,,,,,,,,,,,,,,,,
,,,,,,,,,,,,,,,,
,,,,,,,,,,,,,,,,
,,,,,,,,,,,,,,,,
,,,,,,,,,,,,,,,,
,,,,,,,,,,,,,,,,
,,,,,,,,,,,,,,,,
,,,,,,,,,,,,,,,,
,,,,,,,,,,,,,,,,
,,,,,,,,,,,,,,,,
,,,,,,,,,,,,,,,,
,,,,,,,,,,,,,,,,
,,,,,,,,,,,,,,,,
,,,,,,,,,,,,,,,,
,,,,,,,,,,,,,,,,
,,,,,,,,,,,,,,,,
,,,,,,,,,,,,,,,,
,,,,,,,,,,,,,,,,
,,,,,,,,,,,,,,,,
,,,,,,,,,,,,,,,,
,,,,,,,,,,,,,,,,
,,,,,,,,,,,,,,,,
,,,,,,,,,,,,,,,,
,,,,,,,,,,,,,,,,
,,,,,,,,,,,,,,,,
,,,,,,,,,,,,,,,,
,,,,,,,,,,,,,,,,
,,,,,,,,,,,,,,,,
,,,,,,,,,,,,,,,,
,,,,,,,,,,,,,,,,
,,,,,,,,,,,,,,,,
,,,,,,,,,,,,,,,,
,,,,,,,,,,,,,,,,
,,,,,,,,,,,,,,,,
,,,,,,,,,,,,,,,,
,,,,,,,,,,,,,,,,
,,,,,,,,,,,,,,,,
,,,,,,,,,,,,,,,,
,,,,,,,,,,,,,,,,
,,,,,,,,,,,,,,,,
,,,,,,,,,,,,,,,,
,,,,,,,,,,,,,,,,
,,,,,,,,,,,,,,,,
,,,,,,,,,,,,,,,,
,,,,,,,,,,,,,,,,
,,,,,,,,,,,,,,,,
,,,,,,,,,,,,,,,,
,,,,,,,,,,,,,,,,
,,,,,,,,,,,,,,,,
,,,,,,,,,,,,,,,,
,,,,,,,,,,,,,,,,
,,,,,,,,,,,,,,,,
,,,,,,,,,,,,,,,,
,,,,,,,,,,,,,,,,
,,,,,,,,,,,,,,,,
,,,,,,,,,,,,,,,,
,,,,,,,,,,,,,,,,
,,,,,,,,,,,,,,,,
,,,,,,,,,,,,,,,,
,,,,,,,,,,,,,,,,
,,,,,,,,,,,,,,,,
,,,,,,,,,,,,,,,,
,,,,,,,,,,,,,,,,
,,,,,,,,,,,,,,,,
,,,,,,,,,,,,,,,,
,,,,,,,,,,,,,,,,
,,,,,,,,,,,,,,,,
,,,,,,,,,,,,,,,,
,,,,,,,,,,,,,,,,
,,,,,,,,,,,,,,,,
,,,,,,,,,,,,,,,,
,,,,,,,,,,,,,,,,
,,,,,,,,,,,,,,,,
,,,,,,,,,,,,,,,,
,,,,,,,,,,,,,,,,
,,,,,,,,,,,,,,,,
,,,,,,,,,,,,,,,,
,,,,,,,,,,,,,,,,
,,,,,,,,,,,,,,,,
,,,,,,,,,,,,,,,,
,,,,,,,,,,,,,,,,
,,,,,,,,,,,,,,,,
,,,,,,,,,,,,,,,,
,,,,,,,,,,,,,,,,
,,,,,,,,,,,,,,,,
,,,,,,,,,,,,,,,,
,,,,,,,,,,,,,,,,
,,,,,,,,,,,,,,,,
,,,,,,,,,,,,,,,,
,,,,,,,,,,,,,,,,
,,,,,,,,,,,,,,,,
,,,,,,,,,,,,,,,,
,,,,,,,,,,,,,,,,
,,,,,,,,,,,,,,,,
,,,,,,,,,,,,,,,,
,,,,,,,,,,,,,,,,
,,,,,,,,,,,,,,,,
,,,,,,,,,,,,,,,,
,,,,,,,,,,,,,,,,
,,,,,,,,,,,,,,,,
,,,,,,,,,,,,,,,,
,,,,,,,,,,,,,,,,
,,,,,,,,,,,,,,,,
,,,,,,,,,,,,,,,,
,,,,,,,,,,,,,,,,
,,,,,,,,,,,,,,,,
,,,,,,,,,,,,,,,,
,,,,,,,,,,,,,,,,
,,,,,,,,,,,,,,,,
,,,,,,,,,,,,,,,,
,,,,,,,,,,,,,,,,
,,,,,,,,,,,,,,,,
,,,,,,,,,,,,,,,,
,,,,,,,,,,,,,,,,
,,,,,,,,,,,,,,,,
,,,,,,,,,,,,,,,,
,,,,,,,,,,,,,,,,
,,,,,,,,,,,,,,,,
,,,,,,,,,,,,,,,,
,,,,,,,,,,,,,,,,
,,,,,,,,,,,,,,,,
,,,,,,,,,,,,,,,,
,,,,,,,,,,,,,,,,
,,,,,,,,,,,,,,,,
,,,,,,,,,,,,,,,,
,,,,,,,,,,,,,,,,
,,,,,,,,,,,,,,,,
,,,,,,,,,,,,,,,,
,,,,,,,,,,,,,,,,
,,,,,,,,,,,,,,,,
,,,,,,,,,,,,,,,,
,,,,,,,,,,,,,,,,
,,,,,,,,,,,,,,,,
,,,,,,,,,,,,,,,,
,,,,,,,,,,,,,,,,
,,,,,,,,,,,,,,,,
,,,,,,,,,,,,,,,,
,,,,,,,,,,,,,,,,
,,,,,,,,,,,,,,,,
,,,,,,,,,,,,,,,,
,,,,,,,,,,,,,,,,
,,,,,,,,,,,,,,,,
,,,,,,,,,,,,,,,,
,,,,,,,,,,,,,,,,
,,,,,,,,,,,,,,,,
,,,,,,,,,,,,,,,,
,,,,,,,,,,,,,,,,
,,,,,,,,,,,,,,,,
,,,,,,,,,,,,,,,,
,,,,,,,,,,,,,,,,
,,,,,,,,,,,,,,,,
,,,,,,,,,,,,,,,,
,,,,,,,,,,,,,,,,
,,,,,,,,,,,,,,,,
,,,,,,,,,,,,,,,,
,,,,,,,,,,,,,,,,
,,,,,,,,,,,,,,,,
,,,,,,,,,,,,,,,,
,,,,,,,,,,,,,,,,
,,,,,,,,,,,,,,,,
,,,,,,,,,,,,,,,,
,,,,,,,,,,,,,,,,
,,,,,,,,,,,,,,,,
,,,,,,,,,,,,,,,,
,,,,,,,,,,,,,,,,
,,,,,,,,,,,,,,,,
,,,,,,,,,,,,,,,,
,,,,,,,,,,,,,,,,
,,,,,,,,,,,,,,,,
,,,,,,,,,,,,,,,,
,,,,,,,,,,,,,,,,
,,,,,,,,,,,,,,,,
,,,,,,,,,,,,,,,,
,,,,,,,,,,,,,,,,
,,,,,,,,,,,,,,,,
,,,,,,,,,,,,,,,,
,,,,,,,,,,,,,,,,
,,,,,,,,,,,,,,,,
,,,,,,,,,,,,,,,,
,,,,,,,,,,,,,,,,
,,,,,,,,,,,,,,,,
,,,,,,,,,,,,,,,,
,,,,,,,,,,,,,,,,
,,,,,,,,,,,,,,,,
,,,,,,,,,,,,,,,,
,,,,,,,,,,,,,,,,
,,,,,,,,,,,,,,,,
,,,,,,,,,,,,,,,,
,,,,,,,,,,,,,,,,
,,,,,,,,,,,,,,,,
,,,,,,,,,,,,,,,,
,,,,,,,,,,,,,,,,
,,,,,,,,,,,,,,,,
,,,,,,,,,,,,,,,,
,,,,,,,,,,,,,,,,
,,,,,,,,,,,,,,,,
,,,,,,,,,,,,,,,,
,,,,,,,,,,,,,,,,
,,,,,,,,,,,,,,,,
,,,,,,,,,,,,,,,,
,,,,,,,,,,,,,,,,
,,,,,,,,,,,,,,,,
,,,,,,,,,,,,,,,,
,,,,,,,,,,,,,,,,
,,,,,,,,,,,,,,,,
,,,,,,,,,,,,,,,,
,,,,,,,,,,,,,,,,
,,,,,,,,,,,,,,,,
,,,,,,,,,,,,,,,,
,,,,,,,,,,,,,,,,
,,,,,,,,,,,,,,,,
,,,,,,,,,,,,,,,,
,,,,,,,,,,,,,,,,
,,,,,,,,,,,,,,,,
,,,,,,,,,,,,,,,,
,,,,,,,,,,,,,,,,
,,,,,,,,,,,,,,,,
,,,,,,,,,,,,,,,,
,,,,,,,,,,,,,,,,
,,,,,,,,,,,,,,,,
,,,,,,,,,,,,,,,,
,,,,,,,,,,,,,,,,
,,,,,,,,,,,,,,,,
,,,,,,,,,,,,,,,,
,,,,,,,,,,,,,,,,
,,,,,,,,,,,,,,,,
,,,,,,,,,,,,,,,,
,,,,,,,,,,,,,,,,
,,,,,,,,,,,,,,,,
,,,,,,,,,,,,,,,,
,,,,,,,,,,,,,,,,
,,,,,,,,,,,,,,,,
,,,,,,,,,,,,,,,,
,,,,,,,,,,,,,,,,
,,,,,,,,,,,,,,,,
,,,,,,,,,,,,,,,,
,,,,,,,,,,,,,,,,
,,,,,,,,,,,,,,,,
,,,,,,,,,,,,,,,,
,,,,,,,,,,,,,,,,
,,,,,,,,,,,,,,,,
,,,,,,,,,,,,,,,,
,,,,,,,,,,,,,,,,
,,,,,,,,,,,,,,,,
,,,,,,,,,,,,,,,,
,,,,,,,,,,,,,,,,
,,,,,,,,,,,,,,,,
,,,,,,,,,,,,,,,,
,,,,,,,,,,,,,,,,
,,,,,,,,,,,,,,,,
,,,,,,,,,,,,,,,,
,,,,,,,,,,,,,,,,
,,,,,,,,,,,,,,,,
,,,,,,,,,,,,,,,,
,,,,,,,,,,,,,,,,
,,,,,,,,,,,,,,,,
,,,,,,,,,,,,,,,,
,,,,,,,,,,,,,,,,
,,,,,,,,,,,,,,,,
,,,,,,,,,,,,,,,,
,,,,,,,,,,,,,,,,
,,,,,,,,,,,,,,,,
,,,,,,,,,,,,,,,,
,,,,,,,,,,,,,,,,
,,,,,,,,,,,,,,,,
,,,,,,,,,,,,,,,,
,,,,,,,,,,,,,,,,
,,,,,,,,,,,,,,,,
,,,,,,,,,,,,,,,,
,,,,,,,,,,,,,,,,
,,,,,,,,,,,,,,,,
,,,,,,,,,,,,,,,,
,,,,,,,,,,,,,,,,
,,,,,,,,,,,,,,,,
,,,,,,,,,,,,,,,,
,,,,,,,,,,,,,,,,
,,,,,,,,,,,,,,,,
,,,,,,,,,,,,,,,,
,,,,,,,,,,,,,,,,
,,,,,,,,,,,,,,,,
,,,,,,,,,,,,,,,,
,,,,,,,,,,,,,,,,
,,,,,,,,,,,,,,,,
,,,,,,,,,,,,,,,,
,,,,,,,,,,,,,,,,
,,,,,,,,,,,,,,,,
,,,,,,,,,,,,,,,,
,,,,,,,,,,,,,,,,
,,,,,,,,,,,,,,,,
,,,,,,,,,,,,,,,,
,,,,,,,,,,,,,,,,
,,,,,,,,,,,,,,,,
,,,,,,,,,,,,,,,,
,,,,,,,,,,,,,,,,
,,,,,,,,,,,,,,,,
,,,,,,,,,,,,,,,,
,,,,,,,,,,,,,,,,
,,,,,,,,,,,,,,,,
,,,,,,,,,,,,,,,,
,,,,,,,,,,,,,,,,
,,,,,,,,,,,,,,,,
,,,,,,,,,,,,,,,,
,,,,,,,,,,,,,,,,
,,,,,,,,,,,,,,,,
,,,,,,,,,,,,,,,,
,,,,,,,,,,,,,,,,
,,,,,,,,,,,,,,,,
,,,,,,,,,,,,,,,,
,,,,,,,,,,,,,,,,
,,,,,,,,,,,,,,,,
,,,,,,,,,,,,,,,,
,,,,,,,,,,,,,,,,
,,,,,,,,,,,,,,,,
,,,,,,,,,,,,,,,,
,,,,,,,,,,,,,,,,
,,,,,,,,,,,,,,,,
,,,,,,,,,,,,,,,,
,,,,,,,,,,,,,,,,
,,,,,,,,,,,,,,,,
,,,,,,,,,,,,,,,,
,,,,,,,,,,,,,,,,
,,,,,,,,,,,,,,,,
,,,,,,,,,,,,,,,,
,,,,,,,,,,,,,,,,
,,,,,,,,,,,,,,,,
,,,,,,,,,,,,,,,,
,,,,,,,,,,,,,,,,
,,,,,,,,,,,,,,,,
,,,,,,,,,,,,,,,,
,,,,,,,,,,,,,,,,
,,,,,,,,,,,,,,,,
,,,,,,,,,,,,,,,,
,,,,,,,,,,,,,,,,
,,,,,,,,,,,,,,,,
,,,,,,,,,,,,,,,,
,,,,,,,,,,,,,,,,
,,,,,,,,,,,,,,,,
,,,,,,,,,,,,,,,,
,,,,,,,,,,,,,,,,
,,,,,,,,,,,,,,,,
,,,,,,,,,,,,,,,,
,,,,,,,,,,,,,,,,
,,,,,,,,,,,,,,,,
,,,,,,,,,,,,,,,,
,,,,,,,,,,,,,,,,
,,,,,,,,,,,,,,,,
,,,,,,,,,,,,,,,,
,,,,,,,,,,,,,,,,
,,,,,,,,,,,,,,,,
,,,,,,,,,,,,,,,,
,,,,,,,,,,,,,,,,
,,,,,,,,,,,,,,,,
,,,,,,,,,,,,,,,,
,,,,,,,,,,,,,,,,
,,,,,,,,,,,,,,,,
,,,,,,,,,,,,,,,,
,,,,,,,,,,,,,,,,
,,,,,,,,,,,,,,,,
,,,,,,,,,,,,,,,,
,,,,,,,,,,,,,,,,
,,,,,,,,,,,,,,,,
,,,,,,,,,,,,,,,,
,,,,,,,,,,,,,,,,
,,,,,,,,,,,,,,,,
,,,,,,,,,,,,,,,,
,,,,,,,,,,,,,,,,
,,,,,,,,,,,,,,,,
,,,,,,,,,,,,,,,,
,,,,,,,,,,,,,,,,
,,,,,,,,,,,,,,,,
,,,,,,,,,,,,,,,,
,,,,,,,,,,,,,,,,
,,,,,,,,,,,,,,,,
,,,,,,,,,,,,,,,,
,,,,,,,,,,,,,,,,
,,,,,,,,,,,,,,,,
,,,,,,,,,,,,,,,,
,,,,,,,,,,,,,,,,
,,,,,,,,,,,,,,,,
,,,,,,,,,,,,,,,,
,,,,,,,,,,,,,,,,
,,,,,,,,,,,,,,,,
,,,,,,,,,,,,,,,,
,,,,,,,,,,,,,,,,
,,,,,,,,,,,,,,,,
,,,,,,,,,,,,,,,,
,,,,,,,,,,,,,,,,
,,,,,,,,,,,,,,,,
,,,,,,,,,,,,,,,,
,,,,,,,,,,,,,,,,
,,,,,,,,,,,,,,,,
,,,,,,,,,,,,,,,,
,,,,,,,,,,,,,,,,
,,,,,,,,,,,,,,,,
,,,,,,,,,,,,,,,,
,,,,,,,,,,,,,,,,
,,,,,,,,,,,,,,,,
,,,,,,,,,,,,,,,,
,,,,,,,,,,,,,,,,
,,,,,,,,,,,,,,,,
,,,,,,,,,,,,,,,,
,,,,,,,,,,,,,,,,
,,,,,,,,,,,,,,,,
,,,,,,,,,,,,,,,,
,,,,,,,,,,,,,,,,
,,,,,,,,,,,,,,,,
,,,,,,,,,,,,,,,,
,,,,,,,,,,,,,,,,
,,,,,,,,,,,,,,,,
,,,,,,,,,,,,,,,,
,,,,,,,,,,,,,,,,
,,,,,,,,,,,,,,,,
,,,,,,,,,,,,,,,,
,,,,,,,,,,,,,,,,
,,,,,,,,,,,,,,,,
,,,,,,,,,,,,,,,,
,,,,,,,,,,,,,,,,
,,,,,,,,,,,,,,,,
,,,,,,,,,,,,,,,,
,,,,,,,,,,,,,,,,
,,,,,,,,,,,,,,,,
,,,,,,,,,,,,,,,,
,,,,,,,,,,,,,,,,
,,,,,,,,,,,,,,,,
,,,,,,,,,,,,,,,,
,,,,,,,,,,,,,,,,
,,,,,,,,,,,,,,,,
,,,,,,,,,,,,,,,,
,,,,,,,,,,,,,,,,
,,,,,,,,,,,,,,,,
,,,,,,,,,,,,,,,,
,,,,,,,,,,,,,,,,
,,,,,,,,,,,,,,,,
,,,,,,,,,,,,,,,,
,,,,,,,,,,,,,,,,
,,,,,,,,,,,,,,,,
,,,,,,,,,,,,,,,,
,,,,,,,,,,,,,,,,
,,,,,,,,,,,,,,,,
,,,,,,,,,,,,,,,,
,,,,,,,,,,,,,,,,
,,,,,,,,,,,,,,,,
,,,,,,,,,,,,,,,,
,,,,,,,,,,,,,,,,
,,,,,,,,,,,,,,,,
,,,,,,,,,,,,,,,,
,,,,,,,,,,,,,,,,
,,,,,,,,,,,,,,,,
,,,,,,,,,,,,,,,,
,,,,,,,,,,,,,,,,
,,,,,,,,,,,,,,,,
,,,,,,,,,,,,,,,,
,,,,,,,,,,,,,,,,
,,,,,,,,,,,,,,,,
,,,,,,,,,,,,,,,,
,,,,,,,,,,,,,,,,
,,,,,,,,,,,,,,,,
,,,,,,,,,,,,,,,,
,,,,,,,,,,,,,,,,
,,,,,,,,,,,,,,,,
,,,,,,,,,,,,,,,,
,,,,,,,,,,,,,,,,
,,,,,,,,,,,,,,,,
,,,,,,,,,,,,,,,,
,,,,,,,,,,,,,,,,
,,,,,,,,,,,,,,,,
,,,,,,,,,,,,,,,,
,,,,,,,,,,,,,,,,
,,,,,,,,,,,,,,,,
,,,,,,,,,,,,,,,,
,,,,,,,,,,,,,,,,
,,,,,,,,,,,,,,,,
,,,,,,,,,,,,,,,,
,,,,,,,,,,,,,,,,
,,,,,,,,,,,,,,,,
,,,,,,,,,,,,,,,,
,,,,,,,,,,,,,,,,
,,,,,,,,,,,,,,,,
,,,,,,,,,,,,,,,,
,,,,,,,,,,,,,,,,
,,,,,,,,,,,,,,,,
,,,,,,,,,,,,,,,,
,,,,,,,,,,,,,,,,
,,,,,,,,,,,,,,,,
,,,,,,,,,,,,,,,,
,,,,,,,,,,,,,,,,
,,,,,,,,,,,,,,,,
,,,,,,,,,,,,,,,,
,,,,,,,,,,,,,,,,
,,,,,,,,,,,,,,,,
,,,,,,,,,,,,,,,,
,,,,,,,,,,,,,,,,
,,,,,,,,,,,,,,,,
,,,,,,,,,,,,,,,,
,,,,,,,,,,,,,,,,
,,,,,,,,,,,,,,,,
,,,,,,,,,,,,,,,,
,,,,,,,,,,,,,,,,
,,,,,,,,,,,,,,,,
,,,,,,,,,,,,,,,,
,,,,,,,,,,,,,,,,
,,,,,,,,,,,,,,,,
,,,,,,,,,,,,,,,,
,,,,,,,,,,,,,,,,
,,,,,,,,,,,,,,,,
,,,,,,,,,,,,,,,,
,,,,,,,,,,,,,,,,
,,,,,,,,,,,,,,,,
,,,,,,,,,,,,,,,,
,,,,,,,,,,,,,,,,
,,,,,,,,,,,,,,,,
,,,,,,,,,,,,,,,,
,,,,,,,,,,,,,,,,
,,,,,,,,,,,,,,,,
,,,,,,,,,,,,,,,,
,,,,,,,,,,,,,,,,
,,,,,,,,,,,,,,,,
,,,,,,,,,,,,,,,,
,,,,,,,,,,,,,,,,
,,,,,,,,,,,,,,,,
,,,,,,,,,,,,,,,,
,,,,,,,,,,,,,,,,
,,,,,,,,,,,,,,,,
,,,,,,,,,,,,,,,,
,,,,,,,,,,,,,,,,
,,,,,,,,,,,,,,,,
,,,,,,,,,,,,,,,,
,,,,,,,,,,,,,,,,
,,,,,,,,,,,,,,,,
,,,,,,,,,,,,,,,,
,,,,,,,,,,,,,,,,
,,,,,,,,,,,,,,,,
,,,,,,,,,,,,,,,,
,,,,,,,,,,,,,,,,
,,,,,,,,,,,,,,,,
,,,,,,,,,,,,,,,,
,,,,,,,,,,,,,,,,
,,,,,,,,,,,,,,,,
,,,,,,,,,,,,,,,,
,,,,,,,,,,,,,,,,
,,,,,,,,,,,,,,,,
,,,,,,,,,,,,,,,,
,,,,,,,,,,,,,,,,
,,,,,,,,,,,,,,,,
,,,,,,,,,,,,,,,,
,,,,,,,,,,,,,,,,
,,,,,,,,,,,,,,,,
,,,,,,,,,,,,,,,,
,,,,,,,,,,,,,,,,
,,,,,,,,,,,,,,,,
,,,,,,,,,,,,,,,,
,,,,,,,,,,,,,,,,
,,,,,,,,,,,,,,,,
,,,,,,,,,,,,,,,,
,,,,,,,,,,,,,,,,
,,,,,,,,,,,,,,,,
,,,,,,,,,,,,,,,,
,,,,,,,,,,,,,,,,
,,,,,,,,,,,,,,,,
,,,,,,,,,,,,,,,,
,,,,,,,,,,,,,,,,
,,,,,,,,,,,,,,,,
,,,,,,,,,,,,,,,,
,,,,,,,,,,,,,,,,
,,,,,,,,,,,,,,,,
,,,,,,,,,,,,,,,,
,,,,,,,,,,,,,,,,
,,,,,,,,,,,,,,,,
,,,,,,,,,,,,,,,,
,,,,,,,,,,,,,,,,
,,,,,,,,,,,,,,,,
,,,,,,,,,,,,,,,,
,,,,,,,,,,,,,,,,
,,,,,,,,,,,,,,,,
,,,,,,,,,,,,,,,,
,,,,,,,,,,,,,,,,
,,,,,,,,,,,,,,,,
,,,,,,,,,,,,,,,,
,,,,,,,,,,,,,,,,
,,,,,,,,,,,,,,,,
,,,,,,,,,,,,,,,,
,,,,,,,,,,,,,,,,
,,,,,,,,,,,,,,,,
,,,,,,,,,,,,,,,,
,,,,,,,,,,,,,,,,
,,,,,,,,,,,,,,,,
,,,,,,,,,,,,,,,,
,,,,,,,,,,,,,,,,
,,,,,,,,,,,,,,,,
,,,,,,,,,,,,,,,,
,,,,,,,,,,,,,,,,
,,,,,,,,,,,,,,,,
,,,,,,,,,,,,,,,,
,,,,,,,,,,,,,,,,
,,,,,,,,,,,,,,,,
,,,,,,,,,,,,,,,,
,,,,,,,,,,,,,,,,
,,,,,,,,,,,,,,,,
,,,,,,,,,,,,,,,,
,,,,,,,,,,,,,,,,
,,,,,,,,,,,,,,,,
,,,,,,,,,,,,,,,,
,,,,,,,,,,,,,,,,
,,,,,,,,,,,,,,,,
,,,,,,,,,,,,,,,,
,,,,,,,,,,,,,,,,
,,,,,,,,,,,,,,,,
,,,,,,,,,,,,,,,,
,,,,,,,,,,,,,,,,
,,,,,,,,,,,,,,,,
,,,,,,,,,,,,,,,,
,,,,,,,,,,,,,,,,
,,,,,,,,,,,,,,,,
,,,,,,,,,,,,,,,,
,,,,,,,,,,,,,,,,
,,,,,,,,,,,,,,,,
,,,,,,,,,,,,,,,,
,,,,,,,,,,,,,,,,
,,,,,,,,,,,,,,,,
,,,,,,,,,,,,,,,,
,,,,,,,,,,,,,,,,
,,,,,,,,,,,,,,,,
,,,,,,,,,,,,,,,,
,,,,,,,,,,,,,,,,
,,,,,,,,,,,,,,,,
,,,,,,,,,,,,,,,,
,,,,,,,,,,,,,,,,
,,,,,,,,,,,,,,,,
,,,,,,,,,,,,,,,,
,,,,,,,,,,,,,,,,
,,,,,,,,,,,,,,,,
,,,,,,,,,,,,,,,,
,,,,,,,,,,,,,,,,
,,,,,,,,,,,,,,,,
,,,,,,,,,,,,,,,,
,,,,,,,,,,,,,,,,
,,,,,,,,,,,,,,,,
,,,,,,,,,,,,,,,,
,,,,,,,,,,,,,,,,
,,,,,,,,,,,,,,,,
,,,,,,,,,,,,,,,,
,,,,,,,,,,,,,,,,
,,,,,,,,,,,,,,,,
,,,,,,,,,,,,,,,,
,,,,,,,,,,,,,,,,
,,,,,,,,,,,,,,,,
,,,,,,,,,,,,,,,,
,,,,,,,,,,,,,,,,
,,,,,,,,,,,,,,,,
,,,,,,,,,,,,,,,,
,,,,,,,,,,,,,,,,
,,,,,,,,,,,,,,,,
,,,,,,,,,,,,,,,,
,,,,,,,,,,,,,,,,
,,,,,,,,,,,,,,,,
,,,,,,,,,,,,,,,,
,,,,,,,,,,,,,,,,
,,,,,,,,,,,,,,,,
,,,,,,,,,,,,,,,,
,,,,,,,,,,,,,,,,
,,,,,,,,,,,,,,,,
,,,,,,,,,,,,,,,,
,,,,,,,,,,,,,,,,
,,,,,,,,,,,,,,,,
,,,,,,,,,,,,,,,,
,,,,,,,,,,,,,,,,
,,,,,,,,,,,,,,,,
,,,,,,,,,,,,,,,,
,,,,,,,,,,,,,,,,
,,,,,,,,,,,,,,,,
,,,,,,,,,,,,,,,,
,,,,,,,,,,,,,,,,
,,,,,,,,,,,,,,,,
,,,,,,,,,,,,,,,,
,,,,,,,,,,,,,,,,
,,,,,,,,,,,,,,,,
,,,,,,,,,,,,,,,,
,,,,,,,,,,,,,,,,
,,,,,,,,,,,,,,,,
,,,,,,,,,,,,,,,,
,,,,,,,,,,,,,,,,
,,,,,,,,,,,,,,,,
,,,,,,,,,,,,,,,,
,,,,,,,,,,,,,,,,
,,,,,,,,,,,,,,,,
,,,,,,,,,,,,,,,,
,,,,,,,,,,,,,,,,
,,,,,,,,,,,,,,,,
,,,,,,,,,,,,,,,,
,,,,,,,,,,,,,,,,
,,,,,,,,,,,,,,,,
,,,,,,,,,,,,,,,,
,,,,,,,,,,,,,,,,
,,,,,,,,,,,,,,,,
,,,,,,,,,,,,,,,,
,,,,,,,,,,,,,,,,
,,,,,,,,,,,,,,,,
,,,,,,,,,,,,,,,,
,,,,,,,,,,,,,,,,
,,,,,,,,,,,,,,,,
,,,,,,,,,,,,,,,,
,,,,,,,,,,,,,,,,
,,,,,,,,,,,,,,,,
,,,,,,,,,,,,,,,,
,,,,,,,,,,,,,,,,
,,,,,,,,,,,,,,,,
,,,,,,,,,,,,,,,,
,,,,,,,,,,,,,,,,
,,,,,,,,,,,,,,,,
,,,,,,,,,,,,,,,,
,,,,,,,,,,,,,,,,
,,,,,,,,,,,,,,,,
,,,,,,,,,,,,,,,,
,,,,,,,,,,,,,,,,
,,,,,,,,,,,,,,,,
,,,,,,,,,,,,,,,,
,,,,,,,,,,,,,,,,
,,,,,,,,,,,,,,,,
,,,,,,,,,,,,,,,,
,,,,,,,,,,,,,,,,
,,,,,,,,,,,,,,,,
,,,,,,,,,,,,,,,,
,,,,,,,,,,,,,,,,
,,,,,,,,,,,,,,,,
,,,,,,,,,,,,,,,,
,,,,,,,,,,,,,,,,
,,,,,,,,,,,,,,,,
,,,,,,,,,,,,,,,,
,,,,,,,,,,,,,,,,
,,,,,,,,,,,,,,,,
,,,,,,,,,,,,,,,,
,,,,,,,,,,,,,,,,
,,,,,,,,,,,,,,,,
,,,,,,,,,,,,,,,,
,,,,,,,,,,,,,,,,
,,,,,,,,,,,,,,,,
,,,,,,,,,,,,,,,,
,,,,,,,,,,,,,,,,
,,,,,,,,,,,,,,,,
,,,,,,,,,,,,,,,,
,,,,,,,,,,,,,,,,
,,,,,,,,,,,,,,,,
,,,,,,,,,,,,,,,,
,,,,,,,,,,,,,,,,
,,,,,,,,,,,,,,,,
,,,,,,,,,,,,,,,,
,,,,,,,,,,,,,,,,
,,,,,,,,,,,,,,,,
,,,,,,,,,,,,,,,,
,,,,,,,,,,,,,,,,
,,,,,,,,,,,,,,,,
,,,,,,,,,,,,,,,,
,,,,,,,,,,,,,,,,
,,,,,,,,,,,,,,,,
,,,,,,,,,,,,,,,,
,,,,,,,,,,,,,,,,
,,,,,,,,,,,,,,,,
,,,,,,,,,,,,,,,,
,,,,,,,,,,,,,,,,
,,,,,,,,,,,,,,,,
,,,,,,,,,,,,,,,,
,,,,,,,,,,,,,,,,
,,,,,,,,,,,,,,,,
,,,,,,,,,,,,,,,,
,,,,,,,,,,,,,,,,
,,,,,,,,,,,,,,,,
,,,,,,,,,,,,,,,,
,,,,,,,,,,,,,,,,
,,,,,,,,,,,,,,,,
,,,,,,,,,,,,,,,,
,,,,,,,,,,,,,,,,
,,,,,,,,,,,,,,,,
,,,,,,,,,,,,,,,,
,,,,,,,,,,,,,,,,
,,,,,,,,,,,,,,,,
,,,,,,,,,,,,,,,,
,,,,,,,,,,,,,,,,
,,,,,,,,,,,,,,,,
,,,,,,,,,,,,,,,,
,,,,,,,,,,,,,,,,
,,,,,,,,,,,,,,,,
,,,,,,,,,,,,,,,,
,,,,,,,,,,,,,,,,
,,,,,,,,,,,,,,,,
,,,,,,,,,,,,,,,,
,,,,,,,,,,,,,,,,
,,,,,,,,,,,,,,,,
,,,,,,,,,,,,,,,,
,,,,,,,,,,,,,,,,
,,,,,,,,,,,,,,,,
,,,,,,,,,,,,,,,,
,,,,,,,,,,,,,,,,
,,,,,,,,,,,,,,,,
,,,,,,,,,,,,,,,,
,,,,,,,,,,,,,,,,
,,,,,,,,,,,,,,,,
,,,,,,,,,,,,,,,,
,,,,,,,,,,,,,,,,
,,,,,,,,,,,,,,,,
,,,,,,,,,,,,,,,,
,,,,,,,,,,,,,,,,
,,,,,,,,,,,,,,,,
,,,,,,,,,,,,,,,,
,,,,,,,,,,,,,,,,
,,,,,,,,,,,,,,,,
,,,,,,,,,,,,,,,,
,,,,,,,,,,,,,,,,
,,,,,,,,,,,,,,,,
,,,,,,,,,,,,,,,,
,,,,,,,,,,,,,,,,
,,,,,,,,,,,,,,,,
,,,,,,,,,,,,,,,,
,,,,,,,,,,,,,,,,
,,,,,,,,,,,,,,,,
,,,,,,,,,,,,,,,,
,,,,,,,,,,,,,,,,
,,,,,,,,,,,,,,,,
,,,,,,,,,,,,,,,,
,,,,,,,,,,,,,,,,
,,,,,,,,,,,,,,,,
,,,,,,,,,,,,,,,,
,,,,,,,,,,,,,,,,
,,,,,,,,,,,,,,,,
,,,,,,,,,,,,,,,,
,,,,,,,,,,,,,,,,
,,,,,,,,,,,,,,,,
,,,,,,,,,,,,,,,,
,,,,,,,,,,,,,,,,
,,,,,,,,,,,,,,,,
,,,,,,,,,,,,,,,,
,,,,,,,,,,,,,,,,
,,,,,,,,,,,,,,,,
,,,,,,,,,,,,,,,,
,,,,,,,,,,,,,,,,
,,,,,,,,,,,,,,,,
,,,,,,,,,,,,,,,,
,,,,,,,,,,,,,,,,
,,,,,,,,,,,,,,,,
,,,,,,,,,,,,,,,,
,,,,,,,,,,,,,,,,
,,,,,,,,,,,,,,,,
,,,,,,,,,,,,,,,,
,,,,,,,,,,,,,,,,
,,,,,,,,,,,,,,,,
,,,,,,,,,,,,,,,,
,,,,,,,,,,,,,,,,
,,,,,,,,,,,,,,,,
,,,,,,,,,,,,,,,,
,,,,,,,,,,,,,,,,
,,,,,,,,,,,,,,,,
,,,,,,,,,,,,,,,,
,,,,,,,,,,,,,,,,
,,,,,,,,,,,,,,,,
,,,,,,,,,,,,,,,,
,,,,,,,,,,,,,,,,
,,,,,,,,,,,,,,,,
,,,,,,,,,,,,,,,,
,,,,,,,,,,,,,,,,
,,,,,,,,,,,,,,,,
,,,,,,,,,,,,,,,,
,,,,,,,,,,,,,,,,
,,,,,,,,,,,,,,,,
,,,,,,,,,,,,,,,,
,,,,,,,,,,,,,,,,
,,,,,,,,,,,,,,,,
,,,,,,,,,,,,,,,,
,,,,,,,,,,,,,,,,
,,,,,,,,,,,,,,,,
,,,,,,,,,,,,,,,,
,,,,,,,,,,,,,,,,
,,,,,,,,,,,,,,,,
,,,,,,,,,,,,,,,,
,,,,,,,,,,,,,,,,
,,,,,,,,,,,,,,,,
,,,,,,,,,,,,,,,,
,,,,,,,,,,,,,,,,
,,,,,,,,,,,,,,,,
,,,,,,,,,,,,,,,,
,,,,,,,,,,,,,,,,
,,,,,,,,,,,,,,,,
,,,,,,,,,,,,,,,,
,,,,,,,,,,,,,,,,
,,,,,,,,,,,,,,,,
,,,,,,,,,,,,,,,,
,,,,,,,,,,,,,,,,
,,,,,,,,,,,,,,,,
,,,,,,,,,,,,,,,,
,,,,,,,,,,,,,,,,
,,,,,,,,,,,,,,,,
,,,,,,,,,,,,,,,,
,,,,,,,,,,,,,,,,
,,,,,,,,,,,,,,,,
,,,,,,,,,,,,,,,,
,,,,,,,,,,,,,,,,
,,,,,,,,,,,,,,,,
,,,,,,,,,,,,,,,,
,,,,,,,,,,,,,,,,
,,,,,,,,,,,,,,,,
,,,,,,,,,,,,,,,,
,,,,,,,,,,,,,,,,
,,,,,,,,,,,,,,,,
,,,,,,,,,,,,,,,,
,,,,,,,,,,,,,,,,
,,,,,,,,,,,,,,,,
,,,,,,,,,,,,,,,,
,,,,,,,,,,,,,,,,
,,,,,,,,,,,,,,,,
,,,,,,,,,,,,,,,,
,,,,,,,,,,,,,,,,
,,,,,,,,,,,,,,,,
,,,,,,,,,,,,,,,,
,,,,,,,,,,,,,,,,
,,,,,,,,,,,,,,,,
,,,,,,,,,,,,,,,,
,,,,,,,,,,,,,,,,
,,,,,,,,,,,,,,,,
,,,,,,,,,,,,,,,,
,,,,,,,,,,,,,,,,
,,,,,,,,,,,,,,,,
,,,,,,,,,,,,,,,,
,,,,,,,,,,,,,,,,
,,,,,,,,,,,,,,,,
,,,,,,,,,,,,,,,,
,,,,,,,,,,,,,,,,
,,,,,,,,,,,,,,,,
,,,,,,,,,,,,,,,,
,,,,,,,,,,,,,,,,
,,,,,,,,,,,,,,,,
,,,,,,,,,,,,,,,,
,,,,,,,,,,,,,,,,
,,,,,,,,,,,,,,,,
,,,,,,,,,,,,,,,,
,,,,,,,,,,,,,,,,
,,,,,,,,,,,,,,,,
,,,,,,,,,,,,,,,,
,,,,,,,,,,,,,,,,
,,,,,,,,,,,,,,,,
,,,,,,,,,,,,,,,,
,,,,,,,,,,,,,,,,
,,,,,,,,,,,,,,,,
,,,,,,,,,,,,,,,,
,,,,,,,,,,,,,,,,
,,,,,,,,,,,,,,,,
,,,,,,,,,,,,,,,,
,,,,,,,,,,,,,,,,
,,,,,,,,,,,,,,,,
,,,,,,,,,,,,,,,,
,,,,,,,,,,,,,,,,
,,,,,,,,,,,,,,,,
,,,,,,,,,,,,,,,,
,,,,,,,,,,,,,,,,
,,,,,,,,,,,,,,,,
,,,,,,,,,,,,,,,,
,,,,,,,,,,,,,,,,
,,,,,,,,,,,,,,,,
,,,,,,,,,,,,,,,,
,,,,,,,,,,,,,,,,
,,,,,,,,,,,,,,,,
,,,,,,,,,,,,,,,,
,,,,,,,,,,,,,,,,
,,,,,,,,,,,,,,,,
,,,,,,,,,,,,,,,,
,,,,,,,,,,,,,,,,
,,,,,,,,,,,,,,,,
,,,,,,,,,,,,,,,,
,,,,,,,,,,,,,,,,
,,,,,,,,,,,,,,,,
,,,,,,,,,,,,,,,,
,,,,,,,,,,,,,,,,
,,,,,,,,,,,,,,,,
,,,,,,,,,,,,,,,,
,,,,,,,,,,,,,,,,
,,,,,,,,,,,,,,,,
,,,,,,,,,,,,,,,,
,,,,,,,,,,,,,,,,
,,,,,,,,,,,,,,,,
,,,,,,,,,,,,,,,,
,,,,,,,,,,,,,,,,
,,,,,,,,,,,,,,,,
,,,,,,,,,,,,,,,,
,,,,,,,,,,,,,,,,
,,,,,,,,,,,,,,,,
,,,,,,,,,,,,,,,,
,,,,,,,,,,,,,,,,
,,,,,,,,,,,,,,,,
,,,,,,,,,,,,,,,,
,,,,,,,,,,,,,,,,
,,,,,,,,,,,,,,,,
,,,,,,,,,,,,,,,,
,,,,,,,,,,,,,,,,
,,,,,,,,,,,,,,,,
,,,,,,,,,,,,,,,,
,,,,,,,,,,,,,,,,
,,,,,,,,,,,,,,,,
,,,,,,,,,,,,,,,,
,,,,,,,,,,,,,,,,
,,,,,,,,,,,,,,,,
,,,,,,,,,,,,,,,,
,,,,,,,,,,,,,,,,
,,,,,,,,,,,,,,,,
,,,,,,,,,,,,,,,,
,,,,,,,,,,,,,,,,
,,,,,,,,,,,,,,,,
,,,,,,,,,,,,,,,,
,,,,,,,,,,,,,,,,
,,,,,,,,,,,,,,,,
,,,,,,,,,,,,,,,,
,,,,,,,,,,,,,,,,
,,,,,,,,,,,,,,,,
,,,,,,,,,,,,,,,,
,,,,,,,,,,,,,,,,
,,,,,,,,,,,,,,,,
,,,,,,,,,,,,,,,,
,,,,,,,,,,,,,,,,
,,,,,,,,,,,,,,,,
,,,,,,,,,,,,,,,,
,,,,,,,,,,,,,,,,
,,,,,,,,,,,,,,,,
,,,,,,,,,,,,,,,,
,,,,,,,,,,,,,,,,
,,,,,,,,,,,,,,,,
,,,,,,,,,,,,,,,,
,,,,,,,,,,,,,,,,
,,,,,,,,,,,,,,,,
,,,,,,,,,,,,,,,,
,,,,,,,,,,,,,,,,
,,,,,,,,,,,,,,,,
,,,,,,,,,,,,,,,,
,,,,,,,,,,,,,,,,
,,,,,,,,,,,,,,,,
,,,,,,,,,,,,,,,,
,,,,,,,,,,,,,,,,
,,,,,,,,,,,,,,,,
,,,,,,,,,,,,,,,,
,,,,,,,,,,,,,,,,
,,,,,,,,,,,,,,,,
,,,,,,,,,,,,,,,,
,,,,,,,,,,,,,,,,
,,,,,,,,,,,,,,,,
,,,,,,,,,,,,,,,,
,,,,,,,,,,,,,,,,
,,,,,,,,,,,,,,,,
,,,,,,,,,,,,,,,,
,,,,,,,,,,,,,,,,
,,,,,,,,,,,,,,,,
,,,,,,,,,,,,,,,,
,,,,,,,,,,,,,,,,
,,,,,,,,,,,,,,,,
,,,,,,,,,,,,,,,,
,,,,,,,,,,,,,,,,
,,,,,,,,,,,,,,,,
,,,,,,,,,,,,,,,,
,,,,,,,,,,,,,,,,
,,,,,,,,,,,,,,,,
,,,,,,,,,,,,,,,,
,,,,,,,,,,,,,,,,
,,,,,,,,,,,,,,,,
,,,,,,,,,,,,,,,,
,,,,,,,,,,,,,,,,
,,,,,,,,,,,,,,,,
,,,,,,,,,,,,,,,,
,,,,,,,,,,,,,,,,
,,,,,,,,,,,,,,,,
,,,,,,,,,,,,,,,,
,,,,,,,,,,,,,,,,
,,,,,,,,,,,,,,,,
,,,,,,,,,,,,,,,,
,,,,,,,,,,,,,,,,
,,,,,,,,,,,,,,,,
,,,,,,,,,,,,,,,,
,,,,,,,,,,,,,,,,
,,,,,,,,,,,,,,,,
,,,,,,,,,,,,,,,,
,,,,,,,,,,,,,,,,
,,,,,,,,,,,,,,,,
,,,,,,,,,,,,,,,,
,,,,,,,,,,,,,,,,
,,,,,,,,,,,,,,,,
,,,,,,,,,,,,,,,,
,,,,,,,,,,,,,,,,
,,,,,,,,,,,,,,,,
,,,,,,,,,,,,,,,,
,,,,,,,,,,,,,,,,
,,,,,,,,,,,,,,,,
,,,,,,,,,,,,,,,,
,,,,,,,,,,,,,,,,
,,,,,,,,,,,,,,,,
,,,,,,,,,,,,,,,,
,,,,,,,,,,,,,,,,
,,,,,,,,,,,,,,,,
,,,,,,,,,,,,,,,,
,,,,,,,,,,,,,,,,
,,,,,,,,,,,,,,,,
,,,,,,,,,,,,,,,,
,,,,,,,,,,,,,,,,
,,,,,,,,,,,,,,,,
,,,,,,,,,,,,,,,,
,,,,,,,,,,,,,,,,
,,,,,,,,,,,,,,,,
,,,,,,,,,,,,,,,,
,,,,,,,,,,,,,,,,
,,,,,,,,,,,,,,,,
,,,,,,,,,,,,,,,,
,,,,,,,,,,,,,,,,
,,,,,,,,,,,,,,,,
,,,,,,,,,,,,,,,,
,,,,,,,,,,,,,,,,
,,,,,,,,,,,,,,,,
,,,,,,,,,,,,,,,,
,,,,,,,,,,,,,,,,
,,,,,,,,,,,,,,,,
,,,,,,,,,,,,,,,,
,,,,,,,,,,,,,,,,
,,,,,,,,,,,,,,,,
,,,,,,,,,,,,,,,,
,,,,,,,,,,,,,,,,
,,,,,,,,,,,,,,,,
,,,,,,,,,,,,,,,,
,,,,,,,,,,,,,,,,
,,,,,,,,,,,,,,,,
,,,,,,,,,,,,,,,,
,,,,,,,,,,,,,,,,
,,,,,,,,,,,,,,,,
,,,,,,,,,,,,,,,,
,,,,,,,,,,,,,,,,
,,,,,,,,,,,,,,,,
,,,,,,,,,,,,,,,,
,,,,,,,,,,,,,,,,
,,,,,,,,,,,,,,,,
,,,,,,,,,,,,,,,,
,,,,,,,,,,,,,,,,
,,,,,,,,,,,,,,,,
,,,,,,,,,,,,,,,,
,,,,,,,,,,,,,,,,
,,,,,,,,,,,,,,,,
,,,,,,,,,,,,,,,,
,,,,,,,,,,,,,,,,
,,,,,,,,,,,,,,,,
,,,,,,,,,,,,,,,,
,,,,,,,,,,,,,,,,
,,,,,,,,,,,,,,,,
,,,,,,,,,,,,,,,,
,,,,,,,,,,,,,,,,
,,,,,,,,,,,,,,,,
,,,,,,,,,,,,,,,,
,,,,,,,,,,,,,,,,
,,,,,,,,,,,,,,,,
,,,,,,,,,,,,,,,,
,,,,,,,,,,,,,,,,
,,,,,,,,,,,,,,,,
,,,,,,,,,,,,,,,,
,,,,,,,,,,,,,,,,
,,,,,,,,,,,,,,,,
,,,,,,,,,,,,,,,,
,,,,,,,,,,,,,,,,
,,,,,,,,,,,,,,,,
,,,,,,,,,,,,,,,,
,,,,,,,,,,,,,,,,
,,,,,,,,,,,,,,,,
,,,,,,,,,,,,,,,,
,,,,,,,,,,,,,,,,
,,,,,,,,,,,,,,,,
,,,,,,,,,,,,,,,,
,,,,,,,,,,,,,,,,
,,,,,,,,,,,,,,,,
,,,,,,,,,,,,,,,,
,,,,,,,,,,,,,,,,
,,,,,,,,,,,,,,,,
,,,,,,,,,,,,,,,,
,,,,,,,,,,,,,,,,
,,,,,,,,,,,,,,,,
,,,,,,,,,,,,,,,,
,,,,,,,,,,,,,,,,
,,,,,,,,,,,,,,,,
,,,,,,,,,,,,,,,,
,,,,,,,,,,,,,,,,
,,,,,,,,,,,,,,,,
,,,,,,,,,,,,,,,,
,,,,,,,,,,,,,,,,
,,,,,,,,,,,,,,,,
,,,,,,,,,,,,,,,,
,,,,,,,,,,,,,,,,
,,,,,,,,,,,,,,,,
,,,,,,,,,,,,,,,,
,,,,,,,,,,,,,,,,
,,,,,,,,,,,,,,,,
,,,,,,,,,,,,,,,,
,,,,,,,,,,,,,,,,
,,,,,,,,,,,,,,,,
,,,,,,,,,,,,,,,,
,,,,,,,,,,,,,,,,
,,,,,,,,,,,,,,,,
,,,,,,,,,,,,,,,,
,,,,,,,,,,,,,,,,
,,,,,,,,,,,,,,,,
,,,,,,,,,,,,,,,,
,,,,,,,,,,,,,,,,
,,,,,,,,,,,,,,,,
,,,,,,,,,,,,,,,,
,,,,,,,,,,,,,,,,
,,,,,,,,,,,,,,,,
,,,,,,,,,,,,,,,,
,,,,,,,,,,,,,,,,
,,,,,,,,,,,,,,,,
,,,,,,,,,,,,,,,,
,,,,,,,,,,,,,,,,
,,,,,,,,,,,,,,,,
,,,,,,,,,,,,,,,,
,,,,,,,,,,,,,,,,
,,,,,,,,,,,,,,,,
,,,,,,,,,,,,,,,,
,,,,,,,,,,,,,,,,
,,,,,,,,,,,,,,,,
,,,,,,,,,,,,,,,,
,,,,,,,,,,,,,,,,
,,,,,,,,,,,,,,,,
,,,,,,,,,,,,,,,,
,,,,,,,,,,,,,,,,
,,,,,,,,,,,,,,,,
,,,,,,,,,,,,,,,,
,,,,,,,,,,,,,,,,
,,,,,,,,,,,,,,,,
,,,,,,,,,,,,,,,,
,,,,,,,,,,,,,,,,
,,,,,,,,,,,,,,,,
,,,,,,,,,,,,,,,,
,,,,,,,,,,,,,,,,
,,,,,,,,,,,,,,,,
,,,,,,,,,,,,,,,,
,,,,,,,,,,,,,,,,
,,,,,,,,,,,,,,,,
,,,,,,,,,,,,,,,,
,,,,,,,,,,,,,,,,
,,,,,,,,,,,,,,,,
,,,,,,,,,,,,,,,,
,,,,,,,,,,,,,,,,
,,,,,,,,,,,,,,,,
,,,,,,,,,,,,,,,,
,,,,,,,,,,,,,,,,
,,,,,,,,,,,,,,,,
,,,,,,,,,,,,,,,,
,,,,,,,,,,,,,,,,
,,,,,,,,,,,,,,,,
,,,,,,,,,,,,,,,,
,,,,,,,,,,,,,,,,
,,,,,,,,,,,,,,,,
,,,,,,,,,,,,,,,,
,,,,,,,,,,,,,,,,
,,,,,,,,,,,,,,,,
,,,,,,,,,,,,,,,,
,,,,,,,,,,,,,,,,
,,,,,,,,,,,,,,,,
,,,,,,,,,,,,,,,,
,,,,,,,,,,,,,,,,
,,,,,,,,,,,,,,,,
,,,,,,,,,,,,,,,,
,,,,,,,,,,,,,,,,
,,,,,,,,,,,,,,,,
,,,,,,,,,,,,,,,,
,,,,,,,,,,,,,,,,
,,,,,,,,,,,,,,,,
,,,,,,,,,,,,,,,,
,,,,,,,,,,,,,,,,
,,,,,,,,,,,,,,,,
,,,,,,,,,,,,,,,,
,,,,,,,,,,,,,,,,
,,,,,,,,,,,,,,,,
,,,,,,,,,,,,,,,,
,,,,,,,,,,,,,,,,
,,,,,,,,,,,,,,,,
,,,,,,,,,,,,,,,,
,,,,,,,,,,,,,,,,
,,,,,,,,,,,,,,,,
,,,,,,,,,,,,,,,,
,,,,,,,,,,,,,,,,
,,,,,,,,,,,,,,,,
,,,,,,,,,,,,,,,,
,,,,,,,,,,,,,,,,
,,,,,,,,,,,,,,,,
,,,,,,,,,,,,,,,,
,,,,,,,,,,,,,,,,
,,,,,,,,,,,,,,,,
,,,,,,,,,,,,,,,,
,,,,,,,,,,,,,,,,
,,,,,,,,,,,,,,,,
,,,,,,,,,,,,,,,,
,,,,,,,,,,,,,,,,
,,,,,,,,,,,,,,,,
,,,,,,,,,,,,,,,,
,,,,,,,,,,,,,,,,
,,,,,,,,,,,,,,,,
,,,,,,,,,,,,,,,,
,,,,,,,,,,,,,,,,
,,,,,,,,,,,,,,,,
,,,,,,,,,,,,,,,,
,,,,,,,,,,,,,,,,
,,,,,,,,,,,,,,,,
,,,,,,,,,,,,,,,,
,,,,,,,,,,,,,,,,
,,,,,,,,,,,,,,,,
,,,,,,,,,,,,,,,,
,,,,,,,,,,,,,,,,
,,,,,,,,,,,,,,,,
,,,,,,,,,,,,,,,,
,,,,,,,,,,,,,,,,
,,,,,,,,,,,,,,,,
,,,,,,,,,,,,,,,,
,,,,,,,,,,,,,,,,
,,,,,,,,,,,,,,,,
,,,,,,,,,,,,,,,,
,,,,,,,,,,,,,,,,
,,,,,,,,,,,,,,,,
,,,,,,,,,,,,,,,,
,,,,,,,,,,,,,,,,
,,,,,,,,,,,,,,,,
,,,,,,,,,,,,,,,,
,,,,,,,,,,,,,,,,
,,,,,,,,,,,,,,,,
,,,,,,,,,,,,,,,,
,,,,,,,,,,,,,,,,
,,,,,,,,,,,,,,,,
,,,,,,,,,,,,,,,,
,,,,,,,,,,,,,,,,
,,,,,,,,,,,,,,,,
,,,,,,,,,,,,,,,,
,,,,,,,,,,,,,,,,
,,,,,,,,,,,,,,,,
,,,,,,,,,,,,,,,,
,,,,,,,,,,,,,,,,
,,,,,,,,,,,,,,,,
,,,,,,,,,,,,,,,,
,,,,,,,,,,,,,,,,
,,,,,,,,,,,,,,,,
,,,,,,,,,,,,,,,,
,,,,,,,,,,,,,,,,
,,,,,,,,,,,,,,,,
,,,,,,,,,,,,,,,,
,,,,,,,,,,,,,,,,
,,,,,,,,,,,,,,,,
,,,,,,,,,,,,,,,,
,,,,,,,,,,,,,,,,
,,,,,,,,,,,,,,,,
,,,,,,,,,,,,,,,,
,,,,,,,,,,,,,,,,
,,,,,,,,,,,,,,,,
,,,,,,,,,,,,,,,,
,,,,,,,,,,,,,,,,
,,,,,,,,,,,,,,,,
,,,,,,,,,,,,,,,,
,,,,,,,,,,,,,,,,
,,,,,,,,,,,,,,,,
,,,,,,,,,,,,,,,,
,,,,,,,,,,,,,,,,
,,,,,,,,,,,,,,,,
,,,,,,,,,,,,,,,,
,,,,,,,,,,,,,,,,
,,,,,,,,,,,,,,,,
,,,,,,,,,,,,,,,,
,,,,,,,,,,,,,,,,
,,,,,,,,,,,,,,,,
,,,,,,,,,,,,,,,,
,,,,,,,,,,,,,,,,
,,,,,,,,,,,,,,,,
,,,,,,,,,,,,,,,,
,,,,,,,,,,,,,,,,
,,,,,,,,,,,,,,,,
,,,,,,,,,,,,,,,,
,,,,,,,,,,,,,,,,
,,,,,,,,,,,,,,,,
,,,,,,,,,,,,,,,,
,,,,,,,,,,,,,,,,
,,,,,,,,,,,,,,,,
,,,,,,,,,,,,,,,,
,,,,,,,,,,,,,,,,
,,,,,,,,,,,,,,,,
,,,,,,,,,,,,,,,,
,,,,,,,,,,,,,,,,
,,,,,,,,,,,,,,,,
,,,,,,,,,,,,,,,,
,,,,,,,,,,,,,,,,
,,,,,,,,,,,,,,,,
,,,,,,,,,,,,,,,,
,,,,,,,,,,,,,,,,
,,,,,,,,,,,,,,,,
,,,,,,,,,,,,,,,,
,,,,,,,,,,,,,,,,
,,,,,,,,,,,,,,,,
,,,,,,,,,,,,,,,,
,,,,,,,,,,,,,,,,
,,,,,,,,,,,,,,,,
,,,,,,,,,,,,,,,,
,,,,,,,,,,,,,,,,
,,,,,,,,,,,,,,,,
,,,,,,,,,,,,,,,,
,,,,,,,,,,,,,,,,
,,,,,,,,,,,,,,,,
,,,,,,,,,,,,,,,,
,,,,,,,,,,,,,,,,
,,,,,,,,,,,,,,,,
,,,,,,,,,,,,,,,,
,,,,,,,,,,,,,,,,
,,,,,,,,,,,,,,,,
,,,,,,,,,,,,,,,,
,,,,,,,,,,,,,,,,
,,,,,,,,,,,,,,,,
,,,,,,,,,,,,,,,,
,,,,,,,,,,,,,,,,
,,,,,,,,,,,,,,,,
,,,,,,,,,,,,,,,,
,,,,,,,,,,,,,,,,
,,,,,,,,,,,,,,,,
,,,,,,,,,,,,,,,,
,,,,,,,,,,,,,,,,
,,,,,,,,,,,,,,,,
,,,,,,,,,,,,,,,,
,,,,,,,,,,,,,,,,
,,,,,,,,,,,,,,,,
,,,,,,,,,,,,,,,,
,,,,,,,,,,,,,,,,
,,,,,,,,,,,,,,,,
,,,,,,,,,,,,,,,,
,,,,,,,,,,,,,,,,
,,,,,,,,,,,,,,,,
,,,,,,,,,,,,,,,,
,,,,,,,,,,,,,,,,
,,,,,,,,,,,,,,,,
,,,,,,,,,,,,,,,,
,,,,,,,,,,,,,,,,
,,,,,,,,,,,,,,,,
,,,,,,,,,,,,,,,,
,,,,,,,,,,,,,,,,
,,,,,,,,,,,,,,,,
,,,,,,,,,,,,,,,,
,,,,,,,,,,,,,,,,
,,,,,,,,,,,,,,,,
,,,,,,,,,,,,,,,,
,,,,,,,,,,,,,,,,
,,,,,,,,,,,,,,,,
,,,,,,,,,,,,,,,,
,,,,,,,,,,,,,,,,
,,,,,,,,,,,,,,,,
,,,,,,,,,,,,,,,,
,,,,,,,,,,,,,,,,
,,,,,,,,,,,,,,,,
,,,,,,,,,,,,,,,,
,,,,,,,,,,,,,,,,
,,,,,,,,,,,,,,,,
,,,,,,,,,,,,,,,,
,,,,,,,,,,,,,,,,
,,,,,,,,,,,,,,,,
,,,,,,,,,,,,,,,,
,,,,,,,,,,,,,,,,
,,,,,,,,,,,,,,,,
,,,,,,,,,,,,,,,,
,,,,,,,,,,,,,,,,
,,,,,,,,,,,,,,,,
,,,,,,,,,,,,,,,,
,,,,,,,,,,,,,,,,
,,,,,,,,,,,,,,,,
,,,,,,,,,,,,,,,,
,,,,,,,,,,,,,,,,
,,,,,,,,,,,,,,,,
,,,,,,,,,,,,,,,,
,,,,,,,,,,,,,,,,
,,,,,,,,,,,,,,,,
,,,,,,,,,,,,,,,,
,,,,,,,,,,,,,,,,
,,,,,,,,,,,,,,,,
,,,,,,,,,,,,,,,,
,,,,,,,,,,,,,,,,
,,,,,,,,,,,,,,,,
,,,,,,,,,,,,,,,,
,,,,,,,,,,,,,,,,
,,,,,,,,,,,,,,,,
,,,,,,,,,,,,,,,,
,,,,,,,,,,,,,,,,
,,,,,,,,,,,,,,,,
,,,,,,,,,,,,,,,,
,,,,,,,,,,,,,,,,
,,,,,,,,,,,,,,,,
,,,,,,,,,,,,,,,,
,,,,,,,,,,,,,,,,
,,,,,,,,,,,,,,,,
,,,,,,,,,,,,,,,,
,,,,,,,,,,,,,,,,
,,,,,,,,,,,,,,,,
,,,,,,,,,,,,,,,,
,,,,,,,,,,,,,,,,
,,,,,,,,,,,,,,,,
,,,,,,,,,,,,,,,,
,,,,,,,,,,,,,,,,
,,,,,,,,,,,,,,,,
,,,,,,,,,,,,,,,,
,,,,,,,,,,,,,,,,
,,,,,,,,,,,,,,,,
,,,,,,,,,,,,,,,,
,,,,,,,,,,,,,,,,
,,,,,,,,,,,,,,,,
,,,,,,,,,,,,,,,,
,,,,,,,,,,,,,,,,
,,,,,,,,,,,,,,,,
,,,,,,,,,,,,,,,,
,,,,,,,,,,,,,,,,
,,,,,,,,,,,,,,,,
,,,,,,,,,,,,,,,,
,,,,,,,,,,,,,,,,
,,,,,,,,,,,,,,,,
,,,,,,,,,,,,,,,,
,,,,,,,,,,,,,,,,
